=LDR  01169ntm  2200277I  4500
=001  uab22676077\
=003  AEU
=005  20140319134934.0
=006  m|||||o||d||||||||
=007  cr||||||||||||
=008  140319s1982\\\\xx\\\\\\obm\\\000\0\eng\d
=040  \\$aAEU$cAEU
=043  \\$an-cn-on$an-cn-ab
=050  \4$aKE1462$b.C68 1982
=090  \\$aInternet Access$bAEU
=100  1\$aCourtright, John T. D.,$d1952-
=245  10$aAspects of the development of securities regulation of take-over bids in Ontario and Alberta since 1967$h[electronic resource] /$cby John T.D. Courtright.
=260  \\$cc1982.
=300  \\$a1 online resource (xii, 194 p.)
=500  \\$a"A thesis submitted to the Faculty of Graduate Studies and Research in partial fulfillment of the requirements for the Degree of Master of Laws, Faculty of Law."
=502  \\$aThesis (LL. M.)--University of Alberta, 1982.
=504  \\$aIncludes bibliographical references (leaves 172-194).
=650  \0$aTender offers (Securities)$xLaw and legislation$zOntario.
=650  \0$aTender offers (Securities)$xLaw and legislation$zAlberta.
=710  2\$aUniversity of Alberta.$bFaculty of Law.
=900  \\$aMK60346
=949  \\$zUAIN$zETHESIS

