=LDR  01130ntm  2200289I  4500
=001  uab25443282\
=003  AEU
=005  20140319134934.0
=006  m|||||o||d||||||||
=007  cr||||||||||||
=008  140319s1982\\\\abcabf\\obm\\\000\0\eng\d
=040  \\$aAEU$cAEU
=043  \\$an-cn-ab
=050  \4$aHD1741.C2$bS76 1982
=090  \\$aInternet Access$bAEU
=100  1\$aStotyn, Keith.
=245  14$aThe development of the Bow River Irrigation Project, 1906-1950$h[electronic resource] /$cby Keith Stotyn.
=260  \\$cc1982.
=300  \\$a1 online resource (xii, 200 p.) :$bill., maps
=500  \\$a"A thesis submitted to the Faculty of Graduate Studies and Research in partial fulfillment of the requirements for the Degree of Master of Science, Department of History."
=502  \\$aThesis (M.A.)--University of Alberta, 1982.
=504  \\$aIncludes bibliographical references (p. 192-199).
=610  20$aBow River Irrigation Project$xHistory.
=650  \0$aIrrigation$zAlberta$zBow River$xHistory.
=651  \0$aBow River (Alta.)$xHistory.
=710  2\$aUniversity of Alberta.$bDepartment of History.
=900  \\$aMK60415
=949  \\$zUAIN$zETHESIS

