=LDR  01130ntm  2200289I  4500
=001  uab150453766
=003  AEU
=005  20140319134934.0
=006  m|||||o||d||||||||
=007  cr||||||||||||
=008  140319s1984\\\\abcfg\\\obm\\\000\0deng\d
=040  \\$aAEU$cAEU
=043  \\$an-cn---
=050  \4$aML50.S66$bL6833 1984
=090  \\$aInternet Access$bAEU
=100  1\$aBuckler, Lillian.
=245  14$aThe use of folk music in Harry Somers' opera Louis Riel$h[electronic resource] /$cby Lillian Buckler.
=260  \\$cc1984.
=300  \\$a1 online resource (ix, 112 p.) :$bmusic
=500  \\$a"A thesis submitted to the Faculty of Graduate Studies and Research in partial fulfillment of the requirements for the Degree of Master of Music in Musicology, Department of Music."
=502  \\$aThesis (M. Mus.)--University of Alberta, 1984.
=504  \\$aIncludes bibliographical references (p. 84-89).
=600  10$aSomers, Harry,$d1925-1999.$tLouis Riel$xCriticism and interpretation.
=650  \0$aOpera$zCanada.
=650  \0$aFolk music$zCanada.
=710  2\$aUniversity of Alberta.$bDepartment of Music.
=900  \\$aML24904
=949  \\$zUAIN$zETHESIS

