=LDR  01091ntm  2200277I  4500
=001  uab70388061\
=003  AEU
=005  20140319134934.0
=006  m|||||o||d||||||||
=007  cr||||||||||||
=008  140319s1988\\\\abcabdf\obm\\\000\0\eng\d
=040  \\$aAEU$cAEU
=043  \\$an-cn-ab
=050  \4$aGB428.5.C2$bJ46 1988
=090  \\$aInternet Access$bAEU
=100  1\$aJennings, Donald Brian.
=245  14$aThe late quaternary geomorphology of Elk Island National Park, Central Alberta$h[electronic resource] /$cby Donald Brian Jennings.
=260  \\$cc1988.
=300  \\$a1 online resource (xv, 197 p.) :$bill., maps
=500  \\$a"A thesis submitted to the Faculty of Graduate Studies and Research in partial fulfillment of the requirements for the Degree of Master of Science, Geography."
=502  \\$aThesis (M. Sc.)--University of Alberta, 1984.
=504  \\$aBibliography: p. 182-192.
=650  \0$aGeomorphology$zAlberta$zElk Island National Park.
=651  \0$aElk Island National Park (Alta.)
=710  2\$aUniversity of Alberta.$bDepartment of Geography.
=900  \\$aML26780
=949  \\$zUAIN$zETHESIS

