=LDR  01076ntm  2200265I  4500
=001  uab184740376
=003  AEU
=005  20140319134934.0
=006  m|||||o||d||||||||
=007  cr||||||||||||
=008  140319s1983\\\\xx\\\\\\obm\\\000\0\eng\d
=040  \\$aAEU$cAEU
=050  \4$aPR9199.3.K697$bZ659 1983
=090  \\$aInternet Access$bAEU
=100  1\$aHlus, Carolyn D.$q(Carolyn Dorothy),$d1941-
=245  14$aThe theme of alienation in Henry Kreisel's fiction and criticism$h[electronic resource] /$cby Carolyn D. Hlus.
=260  \\$cc1983.
=300  \\$a1 online resource (ix, 116 p.)
=500  \\$a"A thesis submitted to the Faculty of Graduate Studies and Research in partial fulfillment of the requirements for the Degree of Master of Arts, Department of English."
=502  \\$aThesis (M.A.)--Alberta, 1983.
=504  \\$aIncludes bibliographical references.
=600  10$aKreisel, Henry,$d1922-$xCriticism and interpretation.
=650  \0$aAlienation (Social psychology) in literature.
=710  2\$aUniversity of Alberta.$bDepartment of English.
=900  \\$aML26811
=949  \\$zUAIN$zETHESIS

