=LDR  01291ntm  2200301I  4500
=001  uab70476953\
=003  AEU
=005  20140319134934.0
=006  m|||||o||d||||||||
=007  cr||||||||||||
=008  140319s1997\\\\xx\\\\\\ob\\\\000\0\eng\d
=040  \\$aAEU$cAEU
=043  \\$an-us---
=050  \4$aLB1033$b.S38 1997
=090  \\$aInternet Access$bAEU
=100  1\$aSchugurensky, Laurie Mook.
=245  10$aStudent-faculty informal interaction$h[electronic resource] :$ba critical approach /$cby Laurie Mook Schugurensky.
=260  \\$cc1997.
=300  \\$a1 online resource ([viii], 118 leaves)
=500  \\$a"A thesis submitted to the Faculty of Graduate Studies and Research in partial fulfilment of the requirements for the degree of Master of Education in International/Intercultural Education, Department of Educational Policy Studies."
=502  \\$aThesis (M. Ed.)--University of Alberta, 1997.
=504  \\$aIncludes bibliographical references.
=650  \0$aTeacher-student relationships$zUnited States.
=650  \0$aInteraction analysis in education.
=650  \0$aCollege students$zUnited States.
=650  \0$aUniversities and colleges$xSocial aspects$zUnited States.
=710  2\$aUniversity of Alberta.$bDepartment of Educational Policy Studies.
=900  \\$aMQ22721
=949  \\$zUAIN$zETHESIS

