=LDR  01062ntm  2200265I  4500
=001  uab47757661\
=003  AEU
=005  20140319134934.0
=006  m|||||o||d||||||||
=007  cr||||||||||||
=008  140319s2000\\\\xx\ad\\\obm\\\000\0\eng\d
=040  \\$aAEU$cAEU
=050  \4$aQC794.6.S3$bK57 2000
=090  \\$aInternet Access$bAEU
=100  1\$aKirby, Charles J.
=245  12$aA modification to Rutherford scattering theory in a high intensity, laser heated plasma$h[electronic resource] /$cby Charles J. Kirby.
=260  \\$c2000.
=300  \\$a1 online resource ([17], 105 leaves) :$bill.
=500  \\$a"A thesis submitted to the Faculty of Graduate Studies and Research in partial fulfillment of the requirements for the degree of Master of Science, Department of Physics, University of Alberta."
=502  \\$aThesis (M. Sc.)--University of Alberta, 2000.
=504  \\$aIncludes bibliographical references.
=650  \0$aScattering (Physics)
=650  \0$aBremsstrahlung.
=710  2\$aUniversity of Alberta.$bDepartment of Physics.
=900  \\$aMQ59825
=949  \\$zUAIN$zETHESIS

