=LDR  01248ntm  2200301I  4500
=001  uab689007792
=003  AEU
=005  20140319134934.0
=006  m|||||o||d||||||||
=007  cr||||||||||||
=008  140319s1982\\\\xx\ad\\\obm\\\000\0\eng\d
=040  \\$aAEU$cAEU
=050  \4$aQL668.C2$bC86 1982
=090  \\$aInternet Access$bAEU
=100  1\$aCuny, Robert.
=245  10$aEffects of mammalian pituitary hormone preparations on the cultured newt iris$h[electronic resource] :$bstimulation of lens regeneration by some thyrotropin preparations /$cby Robert Cuny.
=260  \\$cc1982.
=300  \\$a1 online resource (xviii, 306 leaves) :$bill.
=500  \\$aIncludes abstract.
=500  \\$a"A thesis submitted to the Faculty of Graduate Studies and Research in partial fulfilment of the requirements for the degree of Doctor of Philosophy in Zoology, Field of Study, Developmental Biology, Department of Zoology."
=502  \\$aThesis (Ph. D.)--University of Alberta, 1982.
=504  \\$aIncludes bibliographical references (leaves 270-306).
=650  \0$aNewts.
=650  \0$aRegeneration (Biology)
=650  \0$aPituitary gland.
=650  \0$aThyrotropin.
=710  2\$aUniversity of Alberta.$bDepartment of Zoology.
=900  \\$aNK56810
=949  \\$zUAIN$zETHESIS

