=LDR  01336ntm  2200313I  4500
=001  uab46863349\
=003  AEU
=005  20140319134934.0
=006  m|||||o||d||||||||
=007  cr||||||||||||
=008  140319s1982\\\\xx\abf\\obm\\\000\0\eng\d
=040  \\$aAEU$cAEU
=043  \\$an-cn-ab$an-us-mt
=050  \4$aQE685$b.H39 1982
=090  \\$aInternet Access$bAEU
=100  1\$aHayes, Brad James Richard,$d1956-
=245  10$aUpper Jurassic and Lower Cretaceous stratigraphy of southern Alberta and north-central Montana$h[electronic resource] /$cby Brad James Richard Hayes.
=260  \\$cc1982.
=300  \\$a1 online resource (xiii, 302 p.) :$bill., maps ;$e6 charts.
=500  \\$a"A thesis submitted to the Faculty of Graduate Studies and Research in partial fulfillment of the requirements for the Degree of Doctor of Philosophy, Department of Geology."
=502  \\$aThesis (Ph. D.)--University of Alberta, 1982.
=504  \\$aIncludes bibliographical references (p. 198-225).
=590  \\$aScanned copy imperfect: "Poor Copy" stamped on several pages.
=650  \0$aGeology, Stratigraphic$yCretaceous.
=650  \0$aGeology, Stratigraphic$yJurassic.
=650  \0$aFormations (Geology)$zAlberta.
=650  \0$aFormations (Geology)$zMontana.
=710  2\$aUniversity of Alberta.$bDepartment of Geology.
=900  \\$aNK56825
=949  \\$zUAIN$zETHESIS

