=LDR  01055ntm  2200265I  4500
=001  uab16043081\
=003  AEU
=005  20140319134934.0
=006  m|||||o||d||||||||
=007  cr||||||||||||
=008  140319s1984\\\\xx\a\\\\obm\\\000\0\eng\d
=040  \\$aAEU$cAEU
=050  \4$aTA683.5.B3$bA48 1984
=090  \\$aInternet Access$bAEU
=100  1\$aAlves, Teresinha do M. J.
=245  10$aPrestressed concrete beams with large web openings$h[electronic resource] /$cby Teresinha do Menino Jesus.
=260  \\$cc1984.
=300  \\$a1 online resource (xxx, 353 p.) :$bill.
=500  \\$aCover title.
=500  \\$a"A thesis submitted to the Faculty of Graduate Studies and Research in partial fulfillment of the requirements for the Degree of Doctor of Philosophy, Department of Civil Engineering."
=502  \\$aThesis (Ph. D.)--University of Alberta, 1984.
=504  \\$aIncludes bibliographical references (p. 232-235).
=650  \0$aPrestressed concrete beams.
=710  2\$aUniversity of Alberta.$bDepartment of Civil Engineering.
=900  \\$aNK67357
=949  \\$zUAIN$zETHESIS

