=LDR  01157ntm  2200301I  4500
=001  uab16762371\
=003  AEU
=005  20140319134934.0
=006  m|||||o||d||||||||
=007  cr||||||||||||
=008  140319s1983\\\\xx\a\\\\obm\\\000\0\eng\d
=040  \\$aAEU$cAEU
=050  \4$aHQ76.25$b.M55 1983a
=090  \\$aInternet Access$bAEU
=100  1\$aMiller, Brian$q(Brian James),$d1950-
=245  10$aIdentity conflict and resolution$h[electronic resource] :$ba social psychological model of gay familymen's adaptations /$cby Brian Miller.
=260  \\$cc1983.
=300  \\$a1 online resource (xvi, 325 leaves) :$bill.
=500  \\$aTypescript.
=500  \\$aVita.
=500  \\$a"A thesis submitted to the faculty of Graduate Studies and Research in partial fulfillment of the requirements for the degree of Doctor of Philosophy."
=502  \\$aThesis (Ph. D.)--University of Alberta, 1983.
=504  \\$aIncludes bibliographical references (leaves 283-311).
=650  \0$aIdentity (Psychology)
=650  \0$aGay men$xPsychology.
=650  \0$aGay parents$xPsychology.
=710  2\$aUniversity of Alberta.$bDepartment of Sociology.
=900  \\$aNK67492
=949  \\$zUAIN$zETHESIS

