=LDR  01340ntm  2200313I  4500
=001  uab150635923
=003  AEU
=005  20140319134934.0
=006  m|||||o||d||||||||
=007  cr||||||||||||
=008  140319s1983\\\\xx\ab\\\obm\\\000\0\eng\d
=040  \\$aAEU$cAEU
=043  \\$an-cn-ab
=050  \4$aQE431.2$b.I98 1983
=090  \\$aInternet Access$bAEU
=100  1\$aIwuagwu, Chukurima Julian,$d1947-
=245  10$aLithofacies analysis depositional environment and diagenesis of the basal Belly River Formation, Southern and Central Foothills, Alberta, Canada$h[electronic resource] /$cby Chukwumaeze Julian Iwuagwu.
=260  \\$cc1983.
=300  \\$a1 online resource (xv, 263 p.) :$bill., maps
=500  \\$a"A thesis submitted to the Faculty of Graduate Studies and Research in partial fulfilment of the requirements for the degree of Doctor of Philosophy."
=502  \\$aThesis (Ph. D.)--University of Alberta, 1983.
=504  \\$aIncludes bibliographical references.
=650  \0$aLithofacies$zAlberta$zBelly River Group.
=650  \0$aGeology, Stratigraphic$yCretaceous.
=650  \0$aSandstone$zAlberta$zBelly River Group.
=650  \0$aSedimentation and deposition$zAlberta$zBelly River Group.
=650  \0$aFormations (Geology)$zAlberta.
=710  2\$aUniversity of Alberta.$bDepartment of Geology.
=900  \\$aNK67513
=949  \\$zUAIN$zETHESIS

