=LDR  01157ntm  2200277I  4500
=001  uab56279363\
=003  AEU
=005  20140319134934.0
=006  m|||||o||d||||||||
=007  cr||||||||||||
=008  140319s1998\\\\xx\ab\\\obm\\\000\0\eng\d
=040  \\$aAEU$cAEU
=043  \\$anp-----
=050  \4$aE78.G73$bB56 1998
=090  \\$aInternet Access$bAEU
=100  1\$aBinnema, Theodore,$d1963-
=245  14$aThe common and contested ground$h[electronic resource] :$ba history of the northwestern plains from A.D. 200 to 1806 /$cby Theodore Binnema.
=260  \\$cc1998.
=300  \\$a1 online resource (422 p.) :$bill., maps
=500  \\$a"A thesis submitted to the Faculty of Graduate Studies and Research in partial fulfillment of the requirements for the degree of Doctor of Philosophy in History."
=502  \\$aThesis (Ph. D.)--University of Alberta, 1998.
=504  \\$aIncludes bibliographical references.
=650  \0$aIndians of North America$zGreat Plains$xHistory.
=650  \0$aIndians of North America$zGreat Plains$xFirst contact with Europeans.
=710  2\$aUniversity of Alberta.$bDepartment of History and Classics.
=900  \\$aNQ34737
=949  \\$zUAIN$zETHESIS

