=LDR  01160ntm  2200301I  4500
=001  uab768129848
=003  AEU
=005  20140319134934.0
=006  m|||||o||d||||||||
=007  cr||||||||||||
=008  140319s1998\\\\xx\\\\\\obm\\\000\0\eng\d
=040  \\$aAEU$cAEU
=050  \4$aPN98.E36$bP43 1998a
=090  \\$aInternet Access$bAEU
=100  1\$aPickard, Richard William,$d1970-
=245  10$aAugustan ecology$h[electronic resource] :$benvironmental attitudes in eighteenth-century poetry /$cby Richard Pickard.
=260  \\$cc1998.
=300  \\$a1 online resource (237 leaves)
=500  \\$a"A thesis submitted to the Faculty of Graduate Studies and Research in partial fulfillment of the requirements for the degree of Doctor of Philosophy."
=502  \\$aThesis (Ph. D.)--University of Alberta, 1998.
=504  \\$aIncludes bibliographical references (leaves 224-237).
=650  \0$aEcocriticism in literature.
=650  \0$aPoetry, Modern$y18th century.
=650  \0$aPoetry$xThemes, motives.
=650  \0$aEcology in literature.
=650  \0$aNature in literature.
=710  2\$aUniversity of Alberta.$bDepartment of English.
=900  \\$aNQ34821
=949  \\$zUAIN$zETHESIS

