=LDR  01220ntm  2200289I  4500
=001  uab16019184\
=003  AEU
=005  20140319134934.0
=006  m|||||o||d||||||||
=007  cr||||||||||||
=008  140319s1983\\\\xx\a\\\\obm\\\000\0\eng\d
=040  \\$aAEU$cAEU
=050  \4$aQC427.4$b.G55 2003
=090  \\$aInternet Access$bAEU
=100  1\$aGiles, Clinton Randy,$d1955-
=245  10$aStimulated Brillouin scattering in a CO[subscript 2] laser-plasma interaction$h[electronic resource] /$cby Clinton Randy Giles.
=260  \\$cc1983.
=300  \\$a1 online resource (x, 144 p.) :$bill.
=500  \\$a"A thesis submitted to the Faculty of Graduate Studies and Research in partial fulfillment of the requirements for the Degree of Doctor of Philosophy, Department of Electrical Engineering."
=502  \\$aThesis (Ph. D.)--University of Alberta, 1983.
=504  \\$aIncludes bibliographical references.
=590  \\$aScanned copy imperfect: ink blotches or scanning imperfections render some text unreadable.
=650  \0$aBrillouin scattering.
=650  \0$aLaser-plasma interactions.
=650  \0$aCarbon dioxide.
=710  2\$aUniversity of Alberta.$bDepartment of Electrical Engineering.
=900  \\$aNK67485
=949  \\$zUAIN$zETHESIS

