=LDR  01124ntm  2200277I  4500
=001  uab09195218
=003  AEU
=005  20140319134934.0
=006  m|||||o||d||||||||
=007  cr||||||||||||
=008  140319s1982\\\\xx\abdf\obm\\\000\0\eng\d
=040  \\$aAEU$cAEU
=043  \\$an-cn-ab
=050  \4$aGB708.A3$bP55 1982
=090  \\$aInternet Access$bAEU
=100  1\$aPike-Glover, Deborah,$d1957-
=245  10$aHydrochemical variations through saturated overburden deposits beneath an irrigated site in south central Alberta$h[electronic resource] /$cby Deborah Pike-Glover.
=260  \\$cc1982.
=300  \\$a1 online resource (xviii, 215 p., [1] leaf of plates) :$bill., maps
=500  \\$a"A thesis submitted to the Faculty of Graduate Studies and Research in partial fulfillment of the requirements for the Degree of Master of Science, Geography--t.p."
=502  \\$aThesis (M. Sc.)--University of Alberta, 1982.
=504  \\$aIncludes bibliographical references.
=650  \0$aWater chemistry$zAlberta.
=650  \0$aDrift$zAlberta.
=710  2\$aUniversity of Alberta.$bDepartment of Geography.
=900  \\$aMK56845
=949  \\$zUAIN$zETHESIS

