=LDR  01187ntm  2200289I  4500
=001  uab09195264
=003  AEU
=005  20140319134934.0
=006  m|||||o||d||||||||
=007  cr||||||||||||
=008  140319s1982\\\\xx\abdf\obm\\\000\0\eng\d
=040  \\$aAEU$cAEU
=043  \\$an-cn-ab
=050  \4$aTD227.A3$bF34 1982
=090  \\$aInternet Access$bAEU
=100  1\$aFahner, Lewis G.$q(Lewis George),$d1939-
=245  10$aApplications of a finite-difference model for aquifer simulation to an area in east central Alberta$h[electronic resource] /$cby Lewis G. Fahner.
=260  \\$cc1982.
=300  \\$a1 online resource (ix, 69 p.) :$bill., map
=500  \\$a"A thesis submitted to the Faculty of Graduate Studies and Research in partial fulfillment of the requirements for the Degree of Master of Science, Geology."
=502  \\$aThesis (M. Sc.)--University of Alberta, 1982.
=504  \\$aIncludes bibliographical references.
=650  \0$aGroundwater$zAlberta$zEdmonton.
=650  \0$aArtificial groundwater recharge$zAlberta$zEdmonton.
=650  \0$aAquifer storage recovery$zAlberta$zEdmonton.
=710  2\$aUniversity of Alberta.$bDepartment of Geology.
=900  \\$aMK56854
=949  \\$zUAIN$zETHESIS

