=LDR  01010ntm  2200265I  4500
=001  uab09195288
=003  AEU
=005  20140319134934.0
=006  m|||||o||d||||||||
=007  cr||||||||||||
=008  140319s1982\\\\xx\abdf\obm\\\000\0\eng\d
=040  \\$aAEU$cAEU
=050  \4$aQL737.R68$bF47 1982
=090  \\$aInternet Access$bAEU
=100  1\$aFesta-Bianchet, Marco,$d1958-
=245  10$aBehavioral ecology of Columbian ground squirrels$h[electronic resource] /$cby Marco Festa-Bianchet.
=260  \\$cc1982.
=300  \\$a1 online resource (xiii, 102 p.) ;$bill., maps
=500  \\$a"A thesis submitted to the Faculty of Graduate Studies and Research in partial fulfillment of the requirements for the Degree of Master of Science, Zoology."
=502  \\$aThesis (M. Sc.)--University of Alberta, 1982.
=504  \\$aIncludes bibliographical references.
=650  \0$aGround squirrels$xBehavior.
=650  \0$aAnimal ecology.
=710  2\$aUniversity of Alberta.$bDepartment of Zoology.
=900  \\$aMK56859
=949  \\$zUAIN$zETHESIS

