=LDR  01058ntm  2200265I  4500
=001  uab09195306
=003  AEU
=005  20140319134934.0
=006  m|||||o||d||||||||
=007  cr||||||||||||
=008  140319s1982\\\\xx\adef\obm\\\000\0\eng\d
=040  \\$aAEU$cAEU
=050  \4$aRC692$b.W37 1982
=090  \\$aInternet Access$bAEU
=100  0\$aWaqar-ul-Haque,$d1957-
=245  10$aEffect of atherosclerosis on cerebral blood flow$h[electronic resource] :$bin vitro studies /$cby Waqar-ul-Haque.
=260  \\$cc1982.
=300  \\$a1 online resource (xii, 114 p.) :$bill., plan
=500  \\$a"A thesis submitted to the Faculty of Graduate Studies and Research in partial fulfillment of the requirements for the Degree of Master of Science, Mechanical Engineering."
=502  \\$aThesis (M. Sc.)--University of Alberta, 1982.
=504  \\$aIncludes bibliographical references.
=650  \0$aAtherosclerosis$xResearch.
=650  \0$aCerebral circulation$xResearch.
=710  2\$aUniversity of Alberta.$bDepartment of Mechanical Engineering.
=900  \\$aMK56868
=949  \\$zUAIN$zETHESIS

