=LDR  01093ntm  2200277I  4500
=001  uab09195309
=003  AEU
=005  20140319134934.0
=006  m|||||o||d||||||||
=007  cr||||||||||||
=008  140319s1982\\\\xx\\\\\\obm\\\000\0\eng\d
=040  \\$aAEU$cAEU
=050  \4$aTK5102.85$b.S23 1982
=090  \\$aInternet Access$bAEU
=100  1\$aSacharuk, Edward,$d1948-
=245  10$aSecure personal communications and authentication$h[electronic resource] /$cby Edward Sacharuk.
=260  \\$cc1982.
=300  \\$a1 online resource (xii, 113 p.)
=500  \\$a"A thesis submitted to the Faculty of Graduate Studies and Research in partial fulfillment of the requirements for the Degree of Master of Science, Department of Computing Science."
=502  \\$aThesis (M. Sc.)--University of Alberta, 1982.
=504  \\$aIncludes bibliographical references.
=650  \0$aTelecommunication systems$xSecurity measures.
=650  \0$aComputer networks$xSecurity measures.
=650  \0$aAuthentication.
=710  2\$aUniversity of Alberta.$bDepartment of Computing Science.
=900  \\$aMK56870
=949  \\$zUAIN$zETHESIS

