=LDR  01059ntm  2200277I  4500
=001  uab09195312
=003  AEU
=005  20140319134934.0
=006  m|||||o||d||||||||
=007  cr||||||||||||
=008  140319s1982\\\\xx\\\\\\obm\\\000\0\eng\d
=040  \\$aAEU$cAEU
=050  \4$aS647$b.K79 1982
=090  \\$aInternet Access$bAEU
=100  1\$aKryzanowski, Leonard Mitchell,$d1955-
=245  10$aInfluence of soil properties on crop response to phosphate fertilizer$h[electronic resource] /$cby Leonard Mitchell Kryzanowski.
=260  \\$cc1982.
=300  \\$a1 online resource (xvi, 255 p.)
=500  \\$a"A thesis submitted to the Faculty of Graduate Studies and Research in partial fulfillment of the requirements for the Degree of Master of Science in Soil Science.."
=502  \\$aThesis (M. Sc.)--University of Alberta, 1982.
=504  \\$aIncludes bibliographical references.
=650  \0$aPhosphatic fertilizers.
=650  \0$aSoils.
=650  \0$aCrops$xGrowth.
=710  2\$aUniversity of Alberta.$bDepartment of Soil Science.
=900  \\$aMK56873
=949  \\$zUAIN$zETHESIS

