=LDR  01031ntm  2200265I  4500
=001  uab09195318
=003  AEU
=005  20140319134934.0
=006  m|||||o||d||||||||
=007  cr||||||||||||
=008  140319s1982\\\\xx\af\\\obm\\\000\0\eng\d
=040  \\$aAEU$cAEU
=050  \4$aQP801.N83$bS84 1982
=090  \\$aInternet Access$bAEU
=100  1\$aSugiyama, Shin,$d1948-
=245  10$aChiroptical studies of nucleosides and their periodate oxidized-borohydride reduce products$h[electronic resource] /$cby Shin Sugiyama.
=260  \\$cc1982.
=300  \\$a1 online resource (xi, 121 p.) :$bill.
=500  \\$a"A thesis submitted to the Faculty of Graduate Studies and Research in partial fulfillment of the requirements for the Degree of Master of Science in Department of Chemistry."
=502  \\$aThesis (M. Sc.)--University of Alberta, 1982.
=504  \\$aIncludes bibliographical references.
=650  \0$aNucleosides.
=650  \0$aChirality.
=710  2\$aUniversity of Alberta.$bDepartment of Chemistry.
=900  \\$aMK56875
=949  \\$zUAIN$zETHESIS

