=LDR  01034ntm  2200253I  4500
=001  uab09195323
=003  AEU
=005  20140319134934.0
=006  m|||||o||d||||||||
=007  cr||||||||||||
=008  140319s1982\\\\xx\adef\obm\\\000\0\eng\d
=040  \\$aAEU$cAEU
=050  \4$aTK5103.592.F52$bR39 1982
=090  \\$aInternet Access$bAEU
=100  1\$aRazdan, Rajender,$d1956-
=245  13$aAn investigation of multilevel PAM and PWM for fibre-optic communication systems$h[electronic resource] /$cby Rajender Razdan.
=260  \\$cc1982.
=300  \\$a1 online resource (x, 139 p.) :$bill., plans
=500  \\$a"A thesis submitted to the Faculty of Graduate Studies and Research in partial fulfillment of the requirements for the Degree of Master of Science, Electrical Engineering."
=502  \\$aThesis (M. Sc.)--University of Alberta, 1982.
=504  \\$aIncludes bibliographical references.
=650  \0$aOptical fiber communication.
=710  2\$aUniversity of Alberta.$bDepartment of Electrical Engineering.
=900  \\$aMK56886
=949  \\$zUAIN$zETHESIS

