=LDR  01143ntm  2200265I  4500
=001  uab09195335
=003  AEU
=005  20140319134934.0
=006  m|||||o||d||||||||
=007  cr||||||||||||
=008  140319s1982\\\\xx\adf\\obm\\\000\0\eng\d
=040  \\$aAEU$cAEU
=050  \4$aRC734.T64$bL64 1982
=090  \\$aInternet Access$bAEU
=100  1\$aLogus, J. Wayne$q(John Wayne),$d1951-
=245  10$aSingle photon emission computed tomography in analysis of deposition and distribution of 1 [mu]m particles in the normal human lung$h[electronic resource] /$cby J. Wayne Logus.
=260  \\$cc1982.
=300  \\$a1 online resource (xxi, 138 p.) :$bill.
=500  \\$aThe word mu replaces the Greek letter.
=500  \\$a"A thesis submitted to the Faculty of Graduate Studies and Research in partial fulfillment of the requirements for the Degree of Master of Science in Experimental Medicine, Department of Medicine."
=502  \\$aThesis (M. Sc.)--University of Alberta, 1982.
=504  \\$aIncludes bibliographical references.
=650  \0$aLungs$xTomography.
=710  2\$aUniversity of Alberta.$bDepartment of Medicine.
=900  \\$aMK56889
=949  \\$zUAIN$zETHESIS

