=LDR  01067ntm  2200265I  4500
=001  uab09195342
=003  AEU
=005  20140319134934.0
=006  m|||||o||d||||||||
=007  cr||||||||||||
=008  140319s1982\\\\xx\adf\\obm\\\000\0\eng\d
=040  \\$aAEU$cAEU
=050  \4$aQP552.M93$bL64 1982
=090  \\$aInternet Access$bAEU
=100  1\$aLohmeier, Elke Monika,$d1955-
=245  12$aA comparison of the properties of rabbit skeletal [alpha] and [beta]-tropomyosins$h[electronic resource] /$cby Elke Monika Lohmeier.
=260  \\$cc1982.
=300  \\$a1 online resource ([1], xv, 110 p.) :$bill.
=500  \\$a"A thesis submitted to the Faculty of Graduate Studies and Research in partial fulfillment of the requirements for the Degree of Master of Science, Department of Biochemistry."
=502  \\$aThesis (M. Sc.)--University of Alberta, 1982.
=504  \\$aIncludes bibliographical references.
=650  \0$aTropomyosins$xPhysiology.
=650  \0$aRabbits$xPhysiology.
=710  2\$aUniversity of Alberta.$bDepartment of Biochemistry.
=900  \\$aMK56890
=949  \\$zUAIN$zETHESIS

