=LDR  01048ntm  2200265I  4500
=001  uab09195347
=003  AEU
=005  20140319134934.0
=006  m|||||o||d||||||||
=007  cr||||||||||||
=008  140319s1982\\\\xx\adf\\obm\\\000\0\eng\d
=040  \\$aAEU$cAEU
=050  \4$aQA648$b.K86 1982
=090  \\$aInternet Access$bAEU
=100  1\$aKumai, Motoi,$d1948-
=245  10$aDetermination of hydraulic fracture parameters from surface deformation$h[electronic resource] /$cby Motoi Kumai.
=260  \\$cc1982.
=300  \\$a1 online resource (x, 183 p.) :$bill.
=500  \\$a"A thesis submitted to the Faculty of Graduate Studies and Research in partial fulfillment of the requirements for the Degree of Master of Science in Geophysics, Department of Physics."
=502  \\$aThesis (M. Sc.)--University of Alberta, 1982.
=504  \\$aIncludes bibliographical references.
=650  \0$aSurfaces, Deformation of$xMeasurement.
=650  \0$aHydraulic fracturing.
=710  2\$aUniversity of Alberta.$bDepartment of Physics.
=900  \\$aMK56892
=949  \\$zUAIN$zETHESIS

