=LDR  01012ntm  2200253I  4500
=001  uab09195660
=003  AEU
=005  20140319134934.0
=006  m|||||o||d||||||||
=007  cr||||||||||||
=008  140319s1982\\\\xx\adf\\obm\\\000\0\eng\d
=040  \\$aAEU$cAEU
=050  \4$aTN870.57$b.B47 1982
=090  \\$aInternet Access$bAEU
=100  1\$aBerkowitz, Brian Saul,$d1959-
=245  10$aNon-uniqueness and limiting aspects of automatic history-matching$h[electronic resource] /$cby Brian Saul Berkowitz.
=260  \\$cc1982.
=300  \\$a1 online resource (x, 94 p.) :$bill.
=500  \\$a"A thesis submitted to the Faculty of Graduate Studies and Research in partial fulfillment of the requirements for the Degree of Master of Science in Applied Mathematics."
=502  \\$aThesis (M. Sc.)--University of Alberta, 1982.
=504  \\$aIncludes bibliographical references.
=650  \0$aPetroleum reserves$xData processing.
=710  2\$aUniversity of Alberta.$bDepartment of Mathematics.
=900  \\$aMK56933
=949  \\$zUAIN$zETHESIS

