=LDR  01177ntm  2200301I  4500
=001  uab09195667
=003  AEU
=005  20140319134934.0
=006  m|||||o||d||||||||
=007  cr||||||||||||
=008  140319s1982\\\\xx\abef\obm\\\000\0\eng\d
=040  \\$aAEU$cAEU
=043  \\$an-cn-ab
=050  \4$aHT169.C32$bE367 1982
=090  \\$aInternet Access$bAEU
=100  1\$aSorenson, Mark A.,$d1954-
=245  10$aDensity as a planning issue in suburban development$h[electronic resource] :$bthe case of West Jasper Place /$cby Mark A. Sorenson.
=260  \\$cc1982.
=300  \\$a1 online resource (xii, 293 p.) :$bill., maps, plans
=500  \\$a"A thesis submitted to the Faculty of Graduate Studies and Research in partial fulfillment of the requirements for the Degree of Master of Arts, Geography."
=502  \\$aThesis (M.A.)--University of Alberta, 1982.
=504  \\$aIncludes bibliographical references.
=650  \0$aCity planning$zAlberta$zEdmonton.
=650  \0$aCity planning$xCase studies.
=650  \0$aPopulation density.
=651  \0$aEdmonton (Alta.)$xPopulation density.
=710  2\$aUniversity of Alberta.$bDepartment of Geography.
=900  \\$aMK56934
=949  \\$zUAIN$zETHESIS

