=LDR  01107ntm  2200265I  4500
=001  uab09195693
=003  AEU
=005  20140319134934.0
=006  m|||||o||d||||||||
=007  cr||||||||||||
=008  140319s1982\\\\xx\abdf\obm\\\000\0\eng\d
=040  \\$aAEU$cAEU
=043  \\$an-cn-ab$an-cn-bc
=050  \4$aQE39.5.P3$bB66 1982
=090  \\$aInternet Access$bAEU
=100  1\$aBombin, Elisa Rocha,$d1949-
=245  10$aHolocene paleolimnology of Mary Gregg Lake, foothills of the Alberta Rocky Mountains, Canada$h[electronic resource] /$cby Elisa Rocha Bombin.
=260  \\$cc1982.
=300  \\$a1 online resource (xiv, 147 p.) :$bill., map
=500  \\$a"A thesis submitted to the Faculty of Graduate Studies and Research in partial fulfillment of the requirements for the Degree of Master of Science in Limnology, Department of Botany."
=502  \\$aThesis (M. Sc.)--University of Alberta, 1982.
=504  \\$aIncludes bibliographical references.
=650  \0$aPaleolimnology$zCanadian Rockies (B.C. and Alta.)$yHolocene.
=710  2\$aUniversity of Alberta.$bDepartment of Botany.
=900  \\$aMK56942
=949  \\$zUAIN$zETHESIS

