=LDR  01042ntm  2200265I  4500
=001  uab09195799
=003  AEU
=005  20140319134934.0
=006  m|||||o||d||||||||
=007  cr||||||||||||
=008  140319s1982\\\\xx\df\\\obm\\\000\0\eng\d
=040  \\$aAEU$cAEU
=043  \\$an-cn---
=050  \4$aHV9108$b.C66 1982
=090  \\$aInternet Access$bAEU
=100  1\$aCook, Donald S.,$d1949-
=245  14$aThe effect of juvenile diversion and population on an interpretation of juvenile crime rates$h[electronic resource] /$cby Donald S. Cook.
=260  \\$cc1982.
=300  \\$a1 online resource (xviii, 170 p.) :$bill.
=500  \\$a"A thesis submitted to the Faculty of Graduate Studies and Research in partial fulfillment of the requirements for the Degree of Master of Arts, Department of Sociology."
=502  \\$aThesis (M.A.)--University of Alberta, 1982.
=504  \\$aIncludes bibliographical references.
=650  \0$aJuvenile delinquency$zCanada.
=710  2\$aUniversity of Alberta.$bDepartment of Sociology.
=900  \\$aMK56951
=949  \\$zUAIN$zETHESIS

