=LDR  01080ntm  2200265I  4500
=001  uab09195810
=003  AEU
=005  20140319134934.0
=006  m|||||o||d||||||||
=007  cr||||||||||||
=008  140319s1982\\\\xx\df\\\obm\\\000\0\eng\d
=040  \\$aAEU$cAEU
=050  \4$aSF201$b.A78 1982
=090  \\$aInternet Access$bAEU
=100  1\$aArthur, Paul Felix,$d1953-
=245  14$aThe use of large dairy breeds in crossbreeding for range beef production$h[electronic resource] /$cby Paul Felix Arthur.
=260  \\$cc1982.
=300  \\$a1 online resource (xiv, 78 p.) :$bill.
=500  \\$a"A thesis submitted to the Faculty of Graduate Studies and Research in partial fulfillment of the requirements for the Degree of Master of Science in Animal Breeding and Genetics, Department of Animal Science."
=502  \\$aThesis (M. Sc.)--University of Alberta, 1982.
=504  \\$aIncludes bibliographical references.
=650  \0$aBeef cattle$xBreeding.
=650  \0$aDairy cattle$xBreeding.
=710  2\$aUniversity of Alberta.$bDepartment of Animal Science.
=900  \\$aMK56952
=949  \\$zUAIN$zETHESIS

