=LDR  01036ntm  2200265I  4500
=001  uab09195857
=003  AEU
=005  20140319134934.0
=006  m|||||o||d||||||||
=007  cr||||||||||||
=008  140319s1982\\\\xx\\\\\\obm\\\000\0\eng\d
=040  \\$aAEU$cAEU
=050  \4$aPR3538$b.Z85 1982
=090  \\$aInternet Access$bAEU
=100  1\$aZuk, Rhoda J.,$d1954-
=245  10$aStyle in Johnson's thought and language$h[electronic resource] /$cby Rhoda J. Zuk.
=260  \\$cc1982.
=300  \\$a1 online resource (vii, 90 p.)
=500  \\$a"A thesis submitted to the Faculty of Graduate Studies and Research in partial fulfillment of the requirements for the Degree of Master of Arts, Department of English."
=502  \\$aThesis (M.A.)--University of Alberta, 1982.
=504  \\$aIncludes bibliographical references.
=600  10$aJohnson, Samuel,$d1709-1784$xLiterary Style.
=600  10$aJohnson, Samuel,$d1709-1784$xCriticism and interpretation.
=710  2\$aUniversity of Alberta.$bDepartment of English.
=900  \\$aMK56955
=949  \\$zUAIN$zETHESIS

