=LDR  01306ntm  2200301I  4500
=001  uab09196009
=003  AEU
=005  20140319134934.0
=006  m|||||o||d||||||||
=007  cr||||||||||||
=008  140319s1982\\\\xx\a\\\\obm\\\000\0\eng\d
=040  \\$aAEU$cAEU
=050  \4$aPT2625.U8$bZ539 1982
=090  \\$aInternet Access$bAEU
=100  1\$aBlunck-Devicque, Ute-Brigitte,$d1954-
=245  10$aSpace and spacial imagery in the major short prose of Robert Musil$h[electronic resource] /$cby Ute-Brigitte Blunck-Devicque.
=260  \\$cc1982.
=300  \\$a1 online resource (viii, 149 p.) :$bill.
=500  \\$a"A thesis submitted to the Faculty of Graduate Studies and Research in partial fulfillment of the requirements for the Degree of Master of Arts, Department of Germanic Languages."
=502  \\$aThesis (M.A.)--University of Alberta, 1982.
=504  \\$aIncludes bibliographical references.
=600  10$aMusil, Robert,$d1880-1942$xLiterary style.
=600  10$aMusil, Robert,$d1880-1942.$tVerwirrungen des Z{uml}oglings T{uml}orless.
=600  10$aMusil, Robert,$d1880-1942.$tVereinigungen.
=600  10$aMusil, Robert,$d1880-1942.$tDrei Frauen.
=650  \0$aSpace in literature.
=710  2\$aUniversity of Alberta.$bDepartment of Modern Languages and Cultural Studies.
=900  \\$aMK56959
=949  \\$zUAIN$zETHESIS

