=LDR  01275ntm  2200289I  4500
=001  uab09196036
=003  AEU
=005  20140319134934.0
=006  m|||||o||d||||||||
=007  cr||||||||||||
=008  140319s1982\\\\xx\\\\\\obm\\\000\0\eng\d
=040  \\$aAEU$cAEU
=050  \4$aBS1475.2$b.Y68 1982
=090  \\$aInternet Access$bAEU
=100  1\$aYoung, Elaine Frances,$d1954-
=245  10$aEcclesiastes and the expatriates$h[electronic resource] /$cby Elaine Frances Young.
=260  \\$cc1982.
=300  \\$a1 online resource (viii, 135 p.)
=500  \\$a"A thesis submitted to the Faculty of Graduate Studies and Research in partial fulfillment of the requirements for the Degree of Master of Arts, Department of English."
=502  \\$aThesis (M.A.)--University of Alberta, 1982.
=504  \\$aIncludes bibliographical references.
=630  00$aBible.$pEcclesiastes$xIn literature.
=600  10$aEliot, T. S.$q(Thomas Stearns),$d1888-1965.$tWaste land$xCriticism and interpretation.
=600  10$aFitzgerald, F. Scott$q(Francis Scott),$d1896-1940.$tGreat Gatsby$xCriticism and interpretation.
=600  10$aHemingway, Ernest,$d1899-1961.$tSun also rises$xCriticism and interpretation.
=710  2\$aUniversity of Alberta.$bDepartment of English.
=900  \\$aMK56963
=949  \\$zUAIN$zETHESIS

