=LDR  01136ntm  2200289I  4500
=001  uab09196086
=003  AEU
=005  20140319134934.0
=006  m|||||o||d||||||||
=007  cr||||||||||||
=008  140319s1982\\\\xx\d\\\\obm\\\000\0\eng\d
=040  \\$aAEU$cAEU
=050  \4$aHJ2005$b.M38 1982
=090  \\$aInternet Access$bAEU
=100  1\$aMatsushita, Masayoshi.
=245  10$aMacro-economic model with governemnt [sic] budget restraint in an open economy$h[electronic resource] /$cby Masayoshi Matsushita.
=246  30$aMacro-economic model with government budget restraint in an open economy
=260  \\$cc1982.
=300  \\$a1 online resource (xv, 153 p.) :$bill.
=500  \\$a"A thesis submitted to the Faculty of Graduate Studies and Research in partial fulfillment of the requirements for the Degree of Master of Arts, Department of Economics."
=502  \\$aThesis (M.A.)--University of Alberta, 1982.
=504  \\$aIncludes bibliographical references.
=650  \0$aBudget.
=650  \0$aExpenditures, Public.
=650  \0$aRevenue.
=710  2\$aUniversity of Alberta.$bDepartment of Economics.
=900  \\$aMK56972
=949  \\$zUAIN$zETHESIS

