=LDR  01022ntm  2200265I  4500
=001  uab09196105
=003  AEU
=005  20140319134934.0
=006  m|||||o||d||||||||
=007  cr||||||||||||
=008  140319s1982\\\\xx\\\\\\obm\\\000\0deng\d
=040  \\$aAEU$cAEU
=050  \4$aHQ1236.5.G7$bM559 1982
=090  \\$aInternet Access$bAEU
=100  1\$aWisdom-Lumsden, Mavis Agatha,$d1933-
=245  10$aJohn Stuart Mill$h[electronic resource] :$bchampion of women's rights /$cby Mavis Agatha Wisdom-Lumsden.
=260  \\$cc1982.
=300  \\$a1 online resource (vii, 178 p.)
=500  \\$a"A thesis submitted to the Faculty of Graduate Studies and Research in partial fulfillment of the requirements for the Degree of Master of Arts, Department of English."
=502  \\$aThesis (M.A.)--University of Alberta, 1982.
=504  \\$aIncludes bibliographical references.
=600  10$aMill, John Stuart,$d1806-1873.
=650  \0$aWomen's rights.
=710  2\$aUniversity of Alberta.$bDepartment of English.
=900  \\$aMK56974
=949  \\$zUAIN$zETHESIS

