=LDR  01173ntm  2200277I  4500
=001  uab09196115
=003  AEU
=005  20140319134934.0
=006  m|||||o||d||||||||
=007  cr||||||||||||
=008  140319s1982\\\\xx\df\\\obm\\\000\0\eng\d
=040  \\$aAEU$cAEU
=043  \\$an-cn-ab
=050  \4$aGV709.2$b.K74 1982
=090  \\$aInternet Access$bAEU
=100  1\$aKreisel, Philip S. J.$q(Philip Simon John),$d1956-
=245  13$aAn investigation of factors related to enjoyment of minor sport participation$h[electronic resource] /$cby Philip S.J. Kreisel.
=260  \\$cc1982.
=300  \\$a1 online resource (xiv, 168 p.) :$bill.
=500  \\$a"A thesis submitted to the Faculty of Graduate Studies and Research in partial fulfillment of the requirements for the Degree of Master of Arts in Recreation Administration, Physical Education."
=502  \\$aThesis (M.A.)--University of Alberta, 1982.
=504  \\$aIncludes bibliographical references.
=650  \0$aSports for children$xPsychological aspects.
=650  \0$aSports for children$zAlberta$zEdmonton.
=710  2\$aUniversity of Alberta.$bFaculty of Physical Education and Recreation.
=900  \\$aMK56975
=949  \\$zUAIN$zETHESIS

