=LDR  01075ntm  2200265I  4500
=001  uab09196135
=003  AEU
=005  20140319134934.0
=006  m|||||o||d||||||||
=007  cr||||||||||||
=008  140319s1982\\\\xx\\\\\\obm\\\000\0\eng\d
=040  \\$aAEU$cAEU
=050  \4$aPT2607.U493$bZ632 1982
=090  \\$aInternet Access$bAEU
=100  1\$aGarmsen, Susanne,$d1954-
=245  10$aVertrauen in the prose works of Friedrich D{uml}urrenmatt$h[electronic resource] /$cby Susanne Garmsen.
=260  \\$cc1982.
=300  \\$a1 online resource (viii, 213 p.)
=500  \\$a"A thesis submitted to the Faculty of Graduate Studies and Research in partial fulfillment of the requirements for the Degree of Master of Arts, Department of Germanic Languages."
=502  \\$aThesis (M.A.)--University of Alberta, 1982.
=504  \\$aIncludes bibliographical references.
=600  10$aD{uml}urrenmatt, Friedrich$xCriticism and interpretation.
=650  \0$aTrust in literature.
=710  2\$aUniversity of Alberta.$bDepartment of Modern Languages and Cultural Studies.
=900  \\$aMK56978
=949  \\$zUAIN$zETHESIS

