=LDR  01205ntm  2200289I  4500
=001  uab09196150
=003  AEU
=005  20140319134934.0
=006  m|||||o||d||||||||
=007  cr||||||||||||
=008  140319s1982\\\\xx\adf\\obm\\\000\0\eng\d
=040  \\$aAEU$cAEU
=050  \4$aQP519.9.E48$bK56 1982
=090  \\$aInternet Access$bAEU
=100  1\$aKing, Robin Kim,$d1956-
=245  10$aInvestigation of some technical aspects of horseradish peroxidase and alkaline phosphatase conjugates for use in ELISA tests$h[electronic resource] /$cby Robin Kim King.
=260  \\$cc1982.
=300  \\$a1 online resource (xi, 105 p.) :$bill.
=500  \\$a"A thesis submitted to the Faculty of Graduate Studies and Research in partial fulfillment of the requirements for the Degree of Master of Science in Virology, Department of Medical Microbiology."
=502  \\$aThesis (M. Sc.)--University of Alberta, 1982.
=504  \\$aIncludes bibliographical references.
=650  \0$aEnzyme-linked immunosorbent assay.
=650  \0$aAlkaline phosphatase.
=650  \0$aAntibody-enzyme conjugates.
=650  \0$aPeroxidase.
=710  2\$aUniversity of Alberta.$bDepartment of Medical Microbiology.
=900  \\$aMK60229
=949  \\$zUAIN$zETHESIS

