=LDR  01093ntm  2200277I  4500
=001  uab09196196
=003  AEU
=005  20140319134934.0
=006  m|||||o||d||||||||
=007  cr||||||||||||
=008  140319s1982\\\\xx\adf\\obm\\\000\0\eng\d
=040  \\$aAEU$cAEU
=050  \4$aSF768.2.R8$bL69 1982
=090  \\$aInternet Access$bAEU
=100  1\$aLozeman, Frederick John,$d1957-
=245  10$aOxygen consumption of perfused omasal laminae$h[electronic resource] /$cby Frederick John Lozeman.
=260  \\$cc1982.
=300  \\$a1 online resource (xii, 137 p.) :$bill.
=500  \\$a"A thesis submitted to the Faculty of Graduate Studies and Research in partial fulfillment of the requirements for the Degree of Master of Science in Animal Biochemistry, Department of Animal Science."
=502  \\$aThesis (M. Sc.)--University of Alberta, 1982.
=504  \\$aIncludes bibliographical references.
=650  \0$aRuminants.
=650  \0$aReticulum (Ruminants)
=650  \0$aOxygen consumption (Physiology)
=710  2\$aUniversity of Alberta.$bDepartment of Animal Science.
=900  \\$aMK60232
=949  \\$zUAIN$zETHESIS

