=LDR  01043ntm  2200265I  4500
=001  uab09196223
=003  AEU
=005  20140319134934.0
=006  m|||||o||d||||||||
=007  cr||||||||||||
=008  140319s1982\\\\xx\adf\\obm\\\000\0\eng\d
=040  \\$aAEU$cAEU
=050  \4$aTJ262$b.L44 1982
=090  \\$aInternet Access$bAEU
=100  1\$aLe, Hung Quang,$d1954-
=245  12$aA proposed suboptimal controller for a bilinear solar-assisted heat pump system$h[electronic resource] /$cby Hung Quang Le.
=260  \\$cc1982.
=300  \\$a1 online resource (xii, 180 p.) :$bill.
=500  \\$a"A thesis submitted to the Faculty of Graduate Studies and Research in partial fulfillment of the requirements for the Degree of Master of Science, Department of Electrical Engineering."
=502  \\$aThesis (M. Sc.)--University of Alberta, 1982.
=504  \\$aIncludes bibliographical references.
=650  \0$aHeat pumps.
=650  \0$aSolar energy.
=710  2\$aUniversity of Alberta.$bDepartment of Electrical Engineering.
=900  \\$aMK60233
=949  \\$zUAIN$zETHESIS


