=LDR  01136ntm  2200277I  4500
=001  uab09196254
=003  AEU
=005  20140319134934.0
=006  m|||||o||d||||||||
=007  cr||||||||||||
=008  140319s1982\\\\xx\adf\\obm\\\000\0\eng\d
=040  \\$aAEU$cAEU
=050  \4$aQE391.A6$bH54 1982
=090  \\$aInternet Access$bAEU
=100  1\$aHmeidan, Sabti Mohammad,$d1947-
=245  10$aDissolution of hydroxylapatite by soil bacteria$h[electronic resource] :$bmethods of study and fate of the dissolved phosphorus /$cby Sabti Mohammad Hmeidan.
=260  \\$cc1982.
=300  \\$a1 online resource (xv, 170 p.) :$bill.
=500  \\$a"A thesis submitted to the Faculty of Graduate Studies and Research in partial fulfillment of the requirements for the Degree of Master of Science in Soil Biochemistry, Department of Soil Science."
=502  \\$aThesis (M. Sc.)--University of Alberta, 1982.
=504  \\$aIncludes bibliographical references.
=650  \0$aHydroxyapatite$xDissolution.
=650  \0$aSoil microbiology.
=650  \0$aBacteria.
=710  2\$aUniversity of Alberta.$bDepartment of Soil Science.
=900  \\$aMK60240
=949  \\$zUAIN$zETHESIS

