=LDR  01010ntm  2200253I  4500
=001  uab09196438
=003  AEU
=005  20140319134934.0
=006  m|||||o||d||||||||
=007  cr||||||||||||
=008  140319s1982\\\\xx\adef\obm\\\000\0\eng\d
=040  \\$aAEU$cAEU
=050  \4$aTA444$b.K47 1982
=090  \\$aInternet Access$bAEU
=100  1\$aKerr, William J.,$d1958-
=245  12$aA segment design method for reinforced concrete slabs$h[electronic resource] /$cby William J. Kerr.
=260  \\$cc1982.
=300  \\$a1 online resource (xvi, 120 p.) :$bill., plans
=500  \\$a"A thesis submitted to the Faculty of Graduate Studies and Research in partial fulfillment of the requirements for the Degree of Master of Science in Civil Engineering."
=502  \\$aThesis (M. Sc.)--University of Alberta, 1982.
=504  \\$aIncludes bibliographical references.
=650  \0$aReinforced concrete$xDesign and construction.
=710  2\$aUniversity of Alberta.$bDepartment of Civil Engineering.
=900  \\$aMK60280
=949  \\$zUAIN$zETHESIS

