=LDR  01090ntm  2200277I  4500
=001  uab09196441
=003  AEU
=005  20140319134934.0
=006  m|||||o||d||||||||
=007  cr||||||||||||
=008  140319s1982\\\\xx\abf\\obm\\\000\0\eng\d
=040  \\$aAEU$cAEU
=043  \\$an-cn-ab
=050  \4$aZ711.3$b.J66 1982
=090  \\$aInternet Access$bAEU
=100  1\$aJones, Lynfa Anne,$d1939-
=245  10$aSpatial variations in use of public library services in Edmonton$h[electronic resource] /$cby Lynfa Anne Jones.
=260  \\$cc1982.
=300  \\$a1 online resource (xi, 143 p.) :$bill., maps
=500  \\$a"A thesis submitted to the Faculty of Graduate Studies and Research in partial fulfillment of the requirements for the Degree of Master of Arts, Department of Geography."
=502  \\$aThesis (M.A.)--University of Alberta, 1982.
=504  \\$aIncludes bibliographical references.
=650  \0$aLibrary use studies$zAlberta$zEdmonton.
=650  \0$aLibrary administration$zAlberta$zEdmonton.
=710  2\$aUniversity of Alberta.$bDepartment of Geography.
=900  \\$aMK60285
=949  \\$zUAIN$zETHESIS

