=LDR  01257ntm  2200301I  4500
=001  uab09196485
=003  AEU
=005  20140319134934.0
=006  m|||||o||d||||||||
=007  cr||||||||||||
=008  140319s1982\\\\xx\af\\\obm\\\000\0\eng\d
=040  \\$aAEU$cAEU
=043  \\$an-cn---
=050  \4$aHD9937.C22$bH37 1982
=090  \\$aInternet Access$bAEU
=100  1\$aHartman, Linda E.$q(Linda Elizabeth),$d1945-
=245  10$aEffectiveness of the Canadian Carpet Institute's classification label as an information source for carpet buyers$h[electronic resource] /$cby Linda E. Hartman.
=260  \\$cc1982.
=300  \\$a1 online resource (xii, 161 p.) :$bill.
=500  \\$a"A thesis submitted to the Faculty of Graduate Studies and Research in partial fulfillment of the requirements for the Degree of Master of Science in Clothing and Textiles, Faculty of Home Economics."
=502  \\$aThesis (M. Sc.)--University of Alberta, 1982.
=504  \\$aIncludes bibliographical references.
=650  \0$aRug and carpet industry$zCanada.
=650  \0$aCarpets$xInformation resources.
=650  \0$aConsumer behavior$zCanada.
=610  20$aCanadian Carpet Institute.
=710  2\$aUniversity of Alberta.$bFaculty of Home Economics.
=900  \\$aMK60307
=949  \\$zUAIN$zETHESIS

