=LDR  01007ntm  2200253I  4500
=001  uab09196491
=003  AEU
=005  20140319134934.0
=006  m|||||o||d||||||||
=007  cr||||||||||||
=008  140319s1982\\\\xx\adf\\obm\\\000\0\eng\d
=040  \\$aAEU$cAEU
=050  \4$aTJ1061$b.D66 1982
=090  \\$aInternet Access$bAEU
=100  1\$aDoo, Raymond,$d1957-
=245  10$aTransient temperatures in thrust bearings$h[electronic resource] /$cby Raymond Doo.
=260  \\$cc1982.
=300  \\$a1 online resource (xii, 71 p.) :$bill.
=500  \\$a"A thesis submitted to the Faculty of Graduate Studies and Research in partial fulfillment of the requirements for the Degree of Master of Science, Department of Mechanical Engineering."
=502  \\$aThesis (M. Sc.)--University of Alberta, 1982.
=504  \\$aIncludes bibliographical references.
=650  \0$aBearings (Machinery)$xEffect of temperature on.
=710  2\$aUniversity of Alberta.$bDepartment of Mechanical Engineering.
=900  \\$aMK60309
=949  \\$zUAIN$zETHESIS

