=LDR  01106ntm  2200289I  4500
=001  uab09196499
=003  AEU
=005  20140319134934.0
=006  m|||||o||d||||||||
=007  cr||||||||||||
=008  140319s1982\\\\xx\adf\\obm\\\000\0\eng\d
=040  \\$aAEU$cAEU
=050  \4$aBF317$b.H86 1982
=090  \\$aInternet Access$bAEU
=100  1\$aHumphreys, Ian,$d1956-
=245  10$aSingle aiming and reciprocal tapping$h[electronic resource] :$ba comparison /$cby Ian Humphreys.
=260  \\$cc1982.
=300  \\$a1 online resource (ix, 184 p.) :$bill.
=500  \\$a"A thesis submitted to the Faculty of Graduate Studies and Research in partial fulfillment of the requirements for the Degree of Master of Science in [the] Department [of] Physical Education."
=502  \\$aThesis (M. Sc.)--University of Alberta, 1982.
=504  \\$aIncludes bibliographical references.
=650  \0$aReaction time.
=650  \0$aMotor ability.
=650  \0$aPerceptual-motor processes.
=650  \0$aMovement, Psychology of.
=710  2\$aUniversity of Alberta.$bDepartment of Physical Education.
=900  \\$aMK60318
=949  \\$zUAIN$zETHESIS

