=LDR  01147ntm  2200289I  4500
=001  uab09196553
=003  AEU
=005  20140319134934.0
=006  m|||||o||d||||||||
=007  cr||||||||||||
=008  140319s1982\\\\xx\afg\\obm\\\000\0\eng\d
=040  \\$aAEU$cAEU
=050  \4$aML3811.F673$bG85 1982
=090  \\$aInternet Access$bAEU
=100  1\$aGulas, Tom,$d1952-
=245  10$aExtensions and refinements of the methods and concepts in The structure of atonal music$h[electronic resource] /$cby Tom Gulas.
=260  \\$cc1982.
=300  \\$a1 online resource (xi, 101 p.) :$bill., music
=500  \\$a"A thesis submitted to the Faculty of Graduate Studies and Research in partial fulfillment of the requirements for the Degree of Master of Music in Theory, Department of Music."
=502  \\$aThesis (M. Mus.)--University of Alberta, 1982.
=504  \\$aIncludes bibliographical references.
=600  10$aForte, Allen.$tStructure of atonal music.
=650  \0$aAtonality.
=650  \0$aMusical pitch.
=650  \0$aMusic$y20th century$xHistory and criticism.
=710  2\$aUniversity of Alberta.$bDepartment of Music.
=900  \\$aMK60325
=949  \\$zUAIN$zETHESIS

