=LDR  01078ntm  2200277I  4500
=001  uab09196584
=003  AEU
=005  20140319134934.0
=006  m|||||o||d||||||||
=007  cr||||||||||||
=008  140319s1982\\\\xx\df\\\obm\\\000\0\eng\d
=040  \\$aAEU$cAEU
=050  \4$aQP562.L4$bJ64 1982
=090  \\$aInternet Access$bAEU
=100  1\$aJohnston, Gordon A.$q(Gordon Alfred),$d1947-
=245  10$aGlycyl-L-leucine transport by the rat small intestine$h[electronic resource] /$cby Gordon A. Johnston.
=260  \\$cc1982.
=300  \\$a1 online resource (xv, 173 p.) :$bill.
=500  \\$a"A thesis submitted to the Faculty of Graduate Studies and Research in partial fulfillment of the requirements for the Degree of Master of Science, Department of Physiology."
=502  \\$aThesis (M. Sc.)--University of Alberta, 1982.
=504  \\$aIncludes bibliographical references.
=650  \0$aLeucine$xTransport properties.
=650  \0$aRats$xPhysiology.
=650  \0$aIntestine, Small.
=710  2\$aUniversity of Alberta.$bDepartment of Physiology.
=900  \\$aMK60329
=949  \\$zUAIN$zETHESIS

