=LDR  01078ntm  2200277I  4500
=001  uab09196972
=003  AEU
=005  20140319134934.0
=006  m|||||o||d||||||||
=007  cr||||||||||||
=008  140319s1982\\\\xx\df\\\obm\\\000\0\eng\d
=040  \\$aAEU$cAEU
=050  \4$aRA776.95$b.B66 1982
=090  \\$aInternet Access$bAEU
=100  1\$aBoman, Jeanette Adeline,$d1949-
=245  10$aCommunity development$h[electronic resource] :$ba basis for the self-care concept /$cby Jeanette Adeline Boman.
=260  \\$cc1982.
=300  \\$a1 online resource (xiv, 257 p.) :$bill.
=500  \\$a"A thesis submitted to the Faculty of Graduate Studies and Research in partial fulfillment of the requirements for the Degree of Master of Arts, Division of Community Development."
=502  \\$aThesis (M.A.)--University of Alberta, 1982.
=504  \\$aIncludes bibliographical references.
=650  \0$aSelf-care, Health.
=650  \0$aMedical care.
=650  \0$aCommunity development.
=710  2\$aUniversity of Alberta.$bDivision of Community Development.
=900  \\$aMK60337
=949  \\$zUAIN$zETHESIS

