=LDR  01250ntm  2200289I  4500
=001  uab09196977
=003  AEU
=005  20140319134934.0
=006  m|||||o||d||||||||
=007  cr||||||||||||
=008  140319s1982\\\\xx\adf\\obm\\\000\0\eng\d
=040  \\$aAEU$cAEU
=043  \\$an-cn-ab
=050  \4$aHF5549.5.M3$bC69 1982
=090  \\$aInternet Access$bAEU
=100  1\$aCox, Helen M.,$d1953-
=245  10$aManpower planning$h[electronic resource] :$ba case study of the Systems Group, Alberta Government Services /$cby Helen M. Cox.
=260  \\$cc1982.
=300  \\$a1 online resource (xi, 129 p.) :$bill.
=500  \\$a"A thesis submitted to the Faculty of Graduate Studies and Research in partial fulfillment of the requirements for the Degree of Master of Business Administration, Business Administration and Commerce."
=502  \\$aThesis (M.B.A.)--University of Alberta, 1982.
=504  \\$aIncludes bibliographical references.
=590  \\$aScanned copy imperfect: "Fine Print" stamped on several pages.
=650  \0$aManpower planning$zAlberta.
=610  10$aAlberta.$bAlberta Government Services.$bSystems Group$vCase studies.
=710  2\$aUniversity of Alberta.$bFaculty of Business Administration and Commerce.
=900  \\$aMK60341
=949  \\$zUAIN$zETHESIS

