=LDR  01157ntm  2200277I  4500
=001  uab09196985
=003  AEU
=005  20140319134934.0
=006  m|||||o||d||||||||
=007  cr||||||||||||
=008  140319s1982\\\\xx\af\\\obm\\\000\0\eng\d
=040  \\$aAEU$cAEU
=050  \4$aQR82.E6$bB84 1982
=090  \\$aInternet Access$bAEU
=100  1\$aBueschkens, D. H.$q(Donna Hanni),$d1958-
=245  10$aGas and indole variants of Escherichia coli at elevated incubation temperature$h[electronic resource] /$cby D.H. Bueschkens.
=260  \\$cc1982.
=300  \\$a1 online resource (xvii, 116 p.) :$bill.
=500  \\$a"A thesis submitted to the Faculty of Graduate Studies and Research in partial fulfillment of the requirements for the Degree of Master of Science in Microbiology, Department of Microbiology."
=502  \\$aThesis (M. Sc.)--University of Alberta, 1982.
=504  \\$aIncludes bibliographical references.
=650  \0$aEscherichia coli$xPhysiology.
=650  \0$aTemperature$xPhysiological effect.
=650  \0$aMicroorganisms$xEffect of temperature on.
=710  2\$aUniversity of Alberta.$bDepartment of Microbiology.
=900  \\$aMK60349
=949  \\$zUAIN$zETHESIS

