=LDR  01180ntm  2200265I  4500
=001  uab09196993
=003  AEU
=005  20140319134934.0
=006  m|||||o||d||||||||
=007  cr||||||||||||
=008  140319s1982\\\\xx\af\\\obm\\\000\0\eng\d
=040  \\$aAEU$cAEU
=050  \4$aQA274.4$b.B33 1982
=090  \\$aInternet Access$bAEU
=100  1\$aBabb, Jeffrey Craig,$d1957-
=245  10$aAutocorrelated differences in paired samples$h[electronic resource] :$bthe asymptotic distribution of the square of the T statistic for a first order autoregressive Gaussian process /$cby Jeffrey Craig Babb.
=260  \\$cc1982.
=300  \\$a1 online resource (vii, 101 p.) :$bill.
=500  \\$a"A thesis submitted to the Faculty of Graduate Studies and Research in partial fulfillment of the requirements for the Degree of Master of Science, Department of Statistics and Applied Probability."
=502  \\$aThesis (M. Sc.)--University of Alberta, 1982.
=504  \\$aIncludes bibliographical references.
=650  \0$aGaussian processes.
=650  \0$aAutoregression (Statistics)
=710  2\$aUniversity of Alberta.$bDepartment of Statistics and Applied Probability.
=900  \\$aMK60356
=949  \\$zUAIN$zETHESIS

