=LDR  00972ntm  2200253I  4500
=001  uab09197013
=003  AEU
=005  20140319134934.0
=006  m|||||o||d||||||||
=007  cr||||||||||||
=008  140319s1982\\\\xx\\\\\\obm\\\000\0beng\d
=040  \\$aAEU$cAEU
=050  \4$aDA391.1.S66$bC66 1982
=090  \\$aInternet Access$bAEU
=100  1\$aCoomber, Kenneth Gordon,$d1949-
=245  10$aRobert Carr, Earl of Somerset$h[electronic resource] /$cby Kenneth Gordon Coomber.
=260  \\$cc1982.
=300  \\$a1 online resource (vii, 163 p.)
=500  \\$a"A thesis submitted to the Faculty of Graduate Studies and Research in partial fulfillment of the requirements for the Degree of Master of Arts, Department of History."
=502  \\$aThesis (M.A.)--University of Alberta, 1982.
=504  \\$aIncludes bibliographical references.
=600  10$aSomerset, Robert Carr,$cEarl of,$d-1645.
=710  2\$aUniversity of Alberta.$bDepartment of History.
=900  \\$aMK60369
=949  \\$zUAIN$zETHESIS

