=LDR  00867ntm  2200241I  4500
=001  uab09197029
=003  AEU
=005  20140319134934.0
=006  m|||||o||d||||||||
=007  cr||||||||||||
=008  140319s1982\\\\xx\\\\\\om\\\\000\1\eng\d
=040  \\$aAEU$cAEU
=050  \4$aPR9199.3.D5554$bS68 1982
=090  \\$aInternet Access$bAEU
=100  1\$aDonovan, Rita,$d1955-
=245  10$aSquatters' rights$h[electronic resource] /$cby Rita Donovan.
=260  \\$cc1982.
=300  \\$a1 online resource (viii, 184 p.)
=500  \\$a"A thesis submitted to the Faculty of Graduate Studies and Research in partial fulfillment of the requirements for the Degree of Master of Arts, Department of English."
=500  \\$aWork of fiction.
=502  \\$aThesis (M.A.)--University of Alberta, 1982.
=710  2\$aUniversity of Alberta.$bDepartment of English.
=900  \\$aMK60377
=949  \\$zUAIN$zETHESIS

