=LDR  00978ntm  2200265I  4500
=001  uab09197047
=003  AEU
=005  20140319134934.0
=006  m|||||o||d||||||||
=007  cr||||||||||||
=008  140319s1982\\\\xx\af\\\obm\\\000\0\eng\d
=040  \\$aAEU$cAEU
=050  \4$aQD305.A2$bW66 1982
=090  \\$aInternet Access$bAEU
=100  1\$aWong, Ming Kai.
=245  10$aSynthetic studies on fukinanolide$h[electronic resource] /$cby Ming Kai Wong.
=260  \\$cc1982.
=300  \\$a1 online resource (x, 53 p.) :$bill.
=500  \\$a"A thesis submitted to the Faculty of Graduate Studies and Research in partial fulfillment of the requirements for the Degree of Master of Science, Department of Chemistry."
=502  \\$aThesis (M. Sc.)--University of Alberta, 1982.
=504  \\$aIncludes bibliographical references.
=650  \0$aLactones$xAnalysis.
=650  \0$aPetasites$xAnalysis.
=710  2\$aUniversity of Alberta.$bDepartment of Chemistry.
=900  \\$aMK60385
=949  \\$zUAIN$zETHESIS

