=LDR  01096ntm  2200265I  4500
=001  uab09197051
=003  AEU
=005  20140319134934.0
=006  m|||||o||d||||||||
=007  cr||||||||||||
=008  140319s1982\\\\xx\\\\\\obm\\\000\0\eng\d
=040  \\$aAEU$cAEU
=050  \4$aPT2601.N353$bZ552 1982
=090  \\$aInternet Access$bAEU
=100  1\$aCarlson, Elroy J.,$d1952-
=245  14$aThe problem of conscience in the novels of Alfred Andersch$h[electronic resource] /$cby Elroy J. Carlson.
=260  \\$cc1982.
=300  \\$a1 online resource (v, [2], 94 p.)
=500  \\$a"A thesis submitted to the Faculty of Graduate Studies and Research in partial fulfillment of the requirements for the Degree of Master of Arts in German Literature, Department of Germanic Languages."
=502  \\$aThesis (M.A.)--University of Alberta, 1982.
=504  \\$aIncludes bibliographical references.
=600  10$aAndersch, Alfred,$d1914-1980$xCriticism and interpretation.
=650  \0$aConscience in literature.
=710  2\$aUniversity of Alberta.$bDepartment of Germanic Languages.
=900  \\$aMK60388
=949  \\$zUAIN$zETHESIS

