=LDR  01204ntm  2200289I  4500
=001  uab09197085
=003  AEU
=005  20140319134934.0
=006  m|||||o||d||||||||
=007  cr||||||||||||
=008  140319s1982\\\\xx\abdf\obm\\\000\0\eng\d
=040  \\$aAEU$cAEU
=043  \\$an-cn-ab
=050  \4$aTD195.E37$bT46 1982
=090  \\$aInternet Access$bAEU
=100  1\$aThompson, Robert Ronald,$d1955-
=245  14$aThe impact of high voltage electric transmission lines on agricultural land values in Alberta$h[electronic resource] /$cby Robert Ronald Thompson.
=260  \\$cc1982.
=300  \\$a1 online resource (xiii, 128 p.) :$bill., maps
=500  \\$a"A thesis submitted to the Faculty of Graduate Studies and Research in partial fulfillment of the requirements for the Degree of Master of Science, Department of Rural Economy."
=502  \\$aThesis (M. Sc.)--University of Alberta, 1982.
=504  \\$aIncludes bibliographical references.
=650  \0$aOverhead electric lines$xEnvironmental aspects$zAlberta.
=650  \0$aOverhead electric lines$xLocation$zAlberta.
=650  \0$aAgriculture$zAlberta.
=710  2\$aUniversity of Alberta.$bDepartment of Rural Economy.
=900  \\$aMK60421
=949  \\$zUAIN$zETHESIS

