=LDR  01023ntm  2200265I  4500
=001  uab09197096
=003  AEU
=005  20140319134934.0
=006  m|||||o||d||||||||
=007  cr||||||||||||
=008  140319s1982\\\\xx\adf\\obm\\\000\0\eng\d
=040  \\$aAEU$cAEU
=050  \4$aTJ216$b.Y66 1982
=090  \\$aInternet Access$bAEU
=100  1\$aYoo, Samuel,$d1949-
=245  10$aOptimal feedback control of turbo-generator$h[electronic resource] /$cby Samuel Yoo.
=260  \\$cc1982.
=300  \\$a1 online resource ([3], vii, 145 p.) :$bill.
=500  \\$a"A thesis submitted to the Faculty of Graduate Studies and Research in partial fulfillment of the requirements for the Degree of Master of Science, Department of Electrical Engineering."
=502  \\$aThesis (M. Sc.)--University of Alberta, 1982.
=504  \\$aIncludes bibliographical references.
=650  \0$aFeedback control systems.
=650  \0$aTurbogenerators.
=710  2\$aUniversity of Alberta.$bDepartment of Electrical Engineering.
=900  \\$aMK60432
=949  \\$zUAIN$zETHESIS

