=LDR  01140ntm  2200277I  4500
=001  uab09197104
=003  AEU
=005  20140319134934.0
=006  m|||||o||d||||||||
=007  cr||||||||||||
=008  140319s1982\\\\xx\adef\obm\\\000\0\eng\d
=040  \\$aAEU$cAEU
=050  \4$aTK5105$b.W45 1982
=090  \\$aInternet Access$bAEU
=100  1\$aWeiss, Johannes Siegfried,$d1957-
=245  12$aA data acquisition and transmission system$h[electronic resource] /$cby Johannes Siegfried Weiss.
=260  \\$cc1982.
=300  \\$a1 online resource (xi, 298 p.) :$bill., plans
=500  \\$a"A thesis submitted to the Faculty of Graduate Studies and Research in partial fulfillment of the requirements for the Degree of Master of Science, Department of Electrical Engineering."
=502  \\$aThesis (M. Sc.)--University of Alberta, 1982.
=504  \\$aIncludes bibliographical references.
=650  \0$aData transmission systems.
=650  \0$aData transmission systems$xDesign and construction.
=650  \0$aData transmission systems$xTesting.
=710  2\$aUniversity of Alberta.$bDepartment of Electrical Engineering.
=900  \\$aMK60437
=949  \\$zUAIN$zETHESIS

