=LDR  01178ntm  2200277I  4500
=001  uab09197145
=003  AEU
=005  20140319134934.0
=006  m|||||o||d||||||||
=007  cr||||||||||||
=008  140319s1982\\\\xx\\\\\\obm\\\000\0\eng\d
=040  \\$aAEU$cAEU
=050  \4$aPR9199.3.B44$bZ757 1982
=090  \\$aInternet Access$bAEU
=100  1\$aMillar, Perry Louise,$d1944-
=245  10$a"News of the universe"$h[electronic resource] :$bthe landscape in the poetry of Earle Birney and William Stafford /$cby Perry Louise Millar.
=260  \\$cc1982.
=300  \\$a1 online resource (xi, 171 p.)
=500  \\$a"A thesis submitted to the Faculty of Graduate Studies and Research in partial fulfillment of the requirements for the Degree of Master of Arts, Department of English."
=502  \\$aThesis (M.A.)--University of Alberta, 1982.
=504  \\$aIncludes bibliographical references.
=600  10$aBirney, Earle,$d1904-1995$vPoetry$xCriticism and interpretation.
=600  10$aStafford, William,$d1914-1993$vPoetry$xCriticism and interpretation.
=650  \0$aLandscape in literature.
=710  2\$aUniversity of Alberta.$bDepartment of English.
=900  \\$aMK60464
=949  \\$zUAIN$zETHESIS

