=LDR  01199ntm  2200289I  4500
=001  uab09197153
=003  AEU
=005  20140319134934.0
=006  m|||||o||d||||||||
=007  cr||||||||||||
=008  140319s1982\\\\xx\abdf\obm\\\000\0\eng\d
=040  \\$aAEU$cAEU
=050  \4$aHN49.C6$bR69 1982
=090  \\$aInternet Access$bAEU
=100  1\$aRoyer, Gerald A.$q(Gerald Alfred),$d1938-
=245  10$aInformation and social change$h[electronic resource] :$bthe use of two-way television /$cby Gerald A. Royer.
=260  \\$cc1982.
=300  \\$a1 online resource ([3], xiii, 247 p.) :$bill., map
=500  \\$a"A thesis submitted to the Faculty of Graduate Studies and Research in partial fulfillment of the requirements for the Degree of Master of Arts, Division of Community Development."
=502  \\$aThesis (M.A.)--University of Alberta, 1982.
=504  \\$aIncludes bibliographical references.
=590  \\$aScanned copy imperfect: text obscured on p. 195-196.
=650  \0$aCommunication in community development.
=650  \0$aTelevision in community development.
=650  \0$aSocial change.
=710  2\$aUniversity of Alberta.$bDivision of Community Development.
=900  \\$aMK60473
=949  \\$zUAIN$zETHESIS

