=LDR  01167ntm  2200289I  4500
=001  uab09197177
=003  AEU
=005  20140319134934.0
=006  m|||||o||d||||||||
=007  cr||||||||||||
=008  140319s1982\\\\xx\adf\\obm\\\000\0\eng\d
=040  \\$aAEU$cAEU
=050  \4$aTA445$b.O54 1982
=090  \\$aInternet Access$bAEU
=100  1\$aOng, See Yen,$d1958-
=245  10$aEffect of type of web reinforcement on deep beams$h[electronic resource] /$cby Ong See Yen.
=260  \\$cc1982.
=300  \\$a1 online resource (xx, 182 p.) :$bill.
=500  \\$a"A thesis submitted to the Faculty of Graduate Studies and Research in partial fulfillment of the requirements for the Degree of Master of Science in Civil Engineering, Department of Civil Engineering."
=502  \\$aThesis (M. Sc.)--University of Alberta, 1982.
=504  \\$aIncludes bibliographical references.
=650  \0$aReinforced concrete$xDesign and construction.
=650  \0$aConcrete beams$xDesign and construction.
=650  \0$aReinforced concrete$xTesting.
=650  \0$aConcrete beams$xTesting.
=710  2\$aUniversity of Alberta.$bDepartment of Civil Engineering.
=900  \\$aMK60491
=949  \\$zUAIN$zETHESIS

