=LDR  01002ntm  2200265I  4500
=001  uab09197230
=003  AEU
=005  20140319134934.0
=006  m|||||o||d||||||||
=007  cr||||||||||||
=008  140319s1982\\\\xx\adf\\obm\\\000\0\eng\d
=040  \\$aAEU$cAEU
=050  \4$aGV709$b.C53 1982
=090  \\$aInternet Access$bAEU
=100  1\$aClark, C. L.
=245  10$aAnaerobic power assessment in female athletes$h[electronic resource] /$cby Christine L. Clark.
=260  \\$cc1982.
=300  \\$a1 online resource (x, 120 p.) :$bill.
=500  \\$a"A thesis submitted to the Faculty of Graduate Studies and Research in partial fulfillment of the requirements for the Degree of Master of Science, Department of Physical Education."
=502  \\$aThesis (M. Sc.)--University of Alberta, 1982.
=504  \\$aIncludes bibliographical references.
=650  \0$aWomen athletes.
=650  \0$aPhysical fitness.
=710  2\$aUniversity of Alberta.$bDepartment of Physical Education.
=900  \\$aMK60494
=949  \\$zUAIN$zETHESIS

