=LDR  01201ntm  2200277I  4500
=001  uab09197259
=003  AEU
=005  20140319134934.0
=006  m|||||o||d||||||||
=007  cr||||||||||||
=008  140319s1983\\\\xx\\\\\\obm\\\000\0\ger\d
=040  \\$aAEU$cAEU
=041  0\$ager$beng
=050  \4$aPT2617.O47$bZ852 1983
=090  \\$aInternet Access$bAEU
=100  1\$aRohardt, Dietlinde,$d1953-
=245  14$aDie gestalt des Dichters in Hofmannsthals dichterischen Werken und in seinem theoretischem Schrifttum$h[electronic resource] /$cby Dietlinde Rohardt.
=260  \\$cc1983.
=300  \\$a1 online resource (viii, 124 p.)
=500  \\$a"A thesis submitted to the Faculty of Graduate Studies and Research in partial fulfillment of the requirements for the Degree of Master of Arts in German Literature, Department of Germanic Languages."
=502  \\$aThesis (M.A.)--University of Alberta, 1983.
=504  \\$aIncludes bibliographical references.
=546  \\$aIn German; with abstracts in English and German.
=600  10$aHofmannsthal, Hugo von,$d1874-1929$vPoetry$xCriticism and interpretation.
=710  2\$aUniversity of Alberta.$bDepartment of Germanic Languages.
=900  \\$aMK63832
=949  \\$zUAIN$zETHESIS

