=LDR  01056ntm  2200265I  4500
=001  uab09197262
=003  AEU
=005  20140319134934.0
=006  m|||||o||d||||||||
=007  cr||||||||||||
=008  140319s1983\\\\xx\\\\\\obm\\\000\0\eng\d
=040  \\$aAEU$cAEU
=050  \4$aGV362$b.B73 1983
=090  \\$aInternet Access$bAEU
=100  1\$aBrand, Patricia J.$q(Patricia Joan),$d1942-
=245  10$aCareer decisions of women physical educators$h[electronic resource] /$cby Patricia J. Brand.
=260  \\$cc1983.
=300  \\$a1 online resource (x, 139 p.)
=500  \\$a"A thesis submitted to the Faculty of Graduate Studies and Research in partial fulfillment of the requirements for the Degree of Master of Arts, Department of Physical Education."
=502  \\$aThesis (M.A.)--University of Alberta, 1983.
=504  \\$aIncludes bibliographical references.
=650  \0$aWomen physical education teachers.
=650  \0$aCareer development$xDecision making.
=710  2\$aUniversity of Alberta.$bDepartment of Physical Education.
=900  \\$aMK63833
=949  \\$zUAIN$zETHESIS


