=LDR  01113ntm  2200289I  4500
=001  uab09197270
=003  AEU
=005  20140319134934.0
=006  m|||||o||d||||||||
=007  cr||||||||||||
=008  140319s1983\\\\xx\\\\\\obm\\\000\0\eng\d
=040  \\$aAEU$cAEU
=050  \4$aB809.15$b.W55 1983
=090  \\$aInternet Access$bAEU
=100  1\$aWiltshire, Roderick Scott,$d1959-
=245  10$aConventions and conventional meaning$h[electronic resource] /$cby Roderick Scott Wiltshire.
=260  \\$cc1983.
=300  \\$a1 online resource (ix, [1], 67 p.)
=500  \\$a"A thesis submitted to the Faculty of Graduate Studies and Research in partial fulfillment of the requirements for the Degree of Master of Arts, Department of Philosophy."
=502  \\$aThesis (M.A.)--University of Alberta, 1983.
=504  \\$aIncludes bibliographical references.
=650  \0$aConvention (Philosophy)
=650  \0$aMeaning (Philosophy)
=600  10$aLewis, David K.$q(David Kellogg),$d1941-2001.
=600  10$aBennett, Jonathan,$d1930-
=710  2\$aUniversity of Alberta.$bDepartment of Philosophy.
=900  \\$aMK63841
=949  \\$zUAIN$zETHESIS

