=LDR  01136ntm  2200277I  4500
=001  uab09197301
=003  AEU
=005  20140319134934.0
=006  m|||||o||d||||||||
=007  cr||||||||||||
=008  140319s1983\\\\xx\adf\\obm\\\000\0\eng\d
=040  \\$aAEU$cAEU
=050  \4$aQH452.6$b.W45 1983
=090  \\$aInternet Access$bAEU
=100  1\$aWhiteley, Mary,$d1953-
=245  10$aStudies of the molecular relatedness of H plasmids using restriction enzyme digestion and southern transfer-DNA hybridizations$h[electronic resource] /$cby Mary Whiteley.
=260  \\$cc1983.
=300  \\$a1 online resource (xii, 138 p.) :$bill.
=500  \\$a"A thesis submitted to the Faculty of Graduate Studies and Research in partial fulfillment of the requirements for the Degree of Master of Science in Medical Microbiology, Department of Medical Microbiology."
=502  \\$aThesis (M. Sc.)--University of Alberta, 1983.
=504  \\$aIncludes bibliographical references.
=650  \0$aPlasmids.
=650  \0$aDigestive enzymes.
=650  \0$aDNA.
=710  2\$aUniversity of Alberta.$bDepartment of Medical Microbiology.
=900  \\$aMK63849
=949  \\$zUAIN$zETHESIS

