=LDR  01088ntm  2200277I  4500
=001  uab09197314
=003  AEU
=005  20140319134934.0
=006  m|||||o||d||||||||
=007  cr||||||||||||
=008  140319s1983\\\\xx\adf\\obm\\\000\0\eng\d
=040  \\$aAEU$cAEU
=050  \4$aSF251$b.U77 1983
=090  \\$aInternet Access$bAEU
=100  1\$aUrquhart, Audia Z.$q(Audia Zeane),$d1955-
=245  10$aQuality of milk products related to protected lipid feed supplements$h[electronic resource] /$cby Audia Z. Urquhart.
=260  \\$cc1983.
=300  \\$a1 online resource (xv, 159 p.) :$bill.
=500  \\$a"A thesis submitted to the Faculty of Graduate Studies and Research in partial fulfillment of the requirements for the Degree of Master of Science, Department of Food Science."
=502  \\$aThesis (M. Sc.)--University of Alberta, 1983.
=504  \\$aIncludes bibliographical references.
=650  \0$aMilk$xQuality.
=650  \0$aDairy cattle$xFeeding and feeds.
=650  \0$aFeed additives.
=710  2\$aUniversity of Alberta.$bDepartment of Food Science.
=900  \\$aMK63850
=949  \\$zUAIN$zETHESIS

