=LDR  01182ntm  2200289I  4500
=001  uab09197326
=003  AEU
=005  20140319134934.0
=006  m|||||o||d||||||||
=007  cr||||||||||||
=008  140319s1983\\\\xx\adef\obm\\\000\0\eng\d
=040  \\$aAEU$cAEU
=050  \4$aTA660.D52$bF35 1983
=090  \\$aInternet Access$bAEU
=100  1\$aFalconer, James Keith,$d1945-
=245  10$aFrame-diaphragm interaction for horizontal loads$h[electronic resource] /$cby James Keith Falconer.
=260  \\$cc1983.
=300  \\$a1 online resource (xix, 240 p.) :$bill., plans
=500  \\$a"A thesis submitted to the Faculty of Graduate Studies and Research in partial fulfillment of the requirements for the Degree of Master of Science, Department of Civil Engineering."
=502  \\$aThesis (M. Sc.)--University of Alberta, 1983.
=504  \\$aIncludes bibliographical references.
=590  \\$aScanned copy imperfect: has "Poor Print" stamped on several pages.
=590  \\$aScanned copy defective: p. 238 wanting.
=650  \0$aDiaphragms (Structural engineering)
=650  \0$aSteel.
=710  2\$aUniversity of Alberta.$bDepartment of Civil Engineering.
=900  \\$aMK63852
=949  \\$zUAIN$zETHESIS

