=LDR  01202ntm  2200277I  4500
=001  uab09197332
=003  AEU
=005  20140319134934.0
=006  m|||||o||d||||||||
=007  cr||||||||||||
=008  140319s1983\\\\xx\df\\\obm\\\000\0\eng\d
=040  \\$aAEU$cAEU
=050  \4$aRC685.I6$bM38 1983
=090  \\$aInternet Access$bAEU
=100  1\$aMatte, Gilbert Georges,$d1955-
=245  10$aBiological behavior of [superscript 67]Ga pyrophosphate and [superscript 67]Ga methylenediphosphonate$h[electronic resource] /$cby Gilbert Georges Matte.
=260  \\$cc1983.
=300  \\$a1 online resource (xv, 1-9, 9a, 10-157 p.) :$bill.
=500  \\$a"A thesis submitted to the Faculty of Graduate Studies and Research in partial fulfillment of the requirements for the Degree of Master of Science in Pharmaceutical Sciences (Radiopharmacy)."
=500  \\$a"Page 10 has been removed due to lack of avaliability of copyright permission."--P. 10.
=502  \\$aThesis (M. Sc.)--University of Alberta, 1983.
=504  \\$aIncludes bibliographical references.
=650  \0$aMyocardial infarction$xImaging.
=650  \0$aPyrophosphates.
=900  \\$aMK63858
=949  \\$zUAIN$zETHESIS
=987  \\$amissing$b710$dNo department specified.

