=LDR  01373ntm  2200301I  4500
=001  uab09197359
=003  AEU
=005  20140319134934.0
=006  m|||||o||d||||||||
=007  cr||||||||||||
=008  140319s1983\\\\xx\df\\\obm\\\000\0\eng\d
=040  \\$aAEU$cAEU
=043  \\$an-cn-ab
=050  \4$aSD146.A3$bP65 1983
=090  \\$aInternet Access$bAEU
=100  1\$aPollock, Alan,$d1953-
=245  10$aSuitability and implications of using timber-RAM to determine base and intensive allowable annual cuts for forest management agreement holders in Alberta$h[electronic resource] /$cby Alan Pollock.
=260  \\$cc1983.
=300  \\$a1 online resource (1 v. (various pagings)) :$bill.
=500  \\$a"A thesis submitted to the Faculty of Graduate Studies and Research in partial fulfillment of the requirements for the Degree of Master of Science, Department of Forest Science."
=502  \\$aThesis (M. Sc.)--University of Alberta, 1983.
=504  \\$aIncludes bibliographical references.
=590  \\$aScanned copy imperfect: has "Poor Print" stamped on many pages.
=650  \0$aForest management$zAlberta$xMathematical models.
=650  \0$aForests and forestry$zAlberta$xMeasurement$xMathematical models.
=650  \0$aLumbering$zAlberta$xManagement$xMathematical models.
=710  2\$aUniversity of Alberta.$bDepartment of Forest Science.
=900  \\$aMK63860
=949  \\$zUAIN$zETHESIS

