=LDR  01089ntm  2200277I  4500
=001  uab09197388
=003  AEU
=005  20140319134934.0
=006  m|||||o||d||||||||
=007  cr||||||||||||
=008  140319s1983\\\\xx\adf\\obm\\\000\0\eng\d
=040  \\$aAEU$cAEU
=050  \4$aQP321$b.L56 1983
=090  \\$aInternet Access$bAEU
=100  1\$aLindsay, David.
=245  10$aComparison of electrical stimulation and maximum voluntary contraction isometric torques$h[electronic resource] /$cby David Lindsay.
=260  \\$cc1983.
=300  \\$a1 online resource (ix, [1], 94 p.) :$bill.
=500  \\$a"A thesis submitted to the Faculty of Graduate Studies and Research in partial fulfillment of the requirements for the Degree of Master of Science, Department of Physical Education."
=502  \\$aThesis (M. Sc.)--University of Alberta, 1983.
=504  \\$aIncludes bibliographical references.
=650  \0$aElectric stimulation.
=650  \0$aMuscle contraction.
=650  \0$aMuscle strength.
=710  2\$aUniversity of Alberta.$bDepartment of Physical Education.
=900  \\$aMK63874
=949  \\$zUAIN$zETHESIS

