=LDR  01214ntm  2200289I  4500
=001  uab09197436
=003  AEU
=005  20140319134934.0
=006  m|||||o||d||||||||
=007  cr||||||||||||
=008  140319s1983\\\\xx\af\\\obm\\\000\0\eng\d
=040  \\$aAEU$cAEU
=043  \\$an-cn-ab
=050  \4$aGV56.E36$bF65 1983
=090  \\$aInternet Access$bAEU
=100  1\$aFoley, Laura Ellen,$d1952-
=245  10$aPublic participation in recreation planning$h[electronic resource] :$ba case study /$cby Laura Ellen Foley.
=260  \\$cc1983.
=300  \\$a1 online resource (xiii, 155 p.) :$bill.
=500  \\$a"A thesis submitted to the Faculty of Graduate Studies and Research in partial fulfillment of the requirements for the Degree of Master of Arts in Recreation Administration, Department of Physical Education."
=502  \\$aThesis (M.A.)--University of Alberta, 1983.
=504  \\$aIncludes bibliographical references.
=650  \0$aRecreation agencies$zAlberta$zEdmonton.
=650  \0$aPolitical participation$zAlberta$zEdmonton.
=610  10$aEdmonton (Alta.).$bParks and Recreation Department$vCase studies.
=710  2\$aUniversity of Alberta.$bDepartment of Physical Education.
=900  \\$aMK63879
=949  \\$zUAIN$zETHESIS

