=LDR  01124ntm  2200277I  4500
=001  uab09197448
=003  AEU
=005  20140319134934.0
=006  m|||||o||d||||||||
=007  cr||||||||||||
=008  140319s1983\\\\xx\adf\\obm\\\000\0\eng\d
=040  \\$aAEU$cAEU
=050  \4$aQC793.5.N4628$bL66 1983
=090  \\$aInternet Access$bAEU
=100  1\$aLondon, Michael Jepson,$d1958-
=245  10$aDetermining the neutron-neutron effective range from neutron-deuteron quasi-free scattering$h[electronic resource] /$cby Michael Jepson London.
=260  \\$cc1983.
=300  \\$a1 online resource (ix, 138 p.) :$bill.
=500  \\$a"A thesis submitted to the Faculty of Graduate Studies and Research in partial fulfillment of the requirements for the Degree of Master of Science in Nuclear Physics, Department of Physics."
=502  \\$aThesis (M. Sc.)--University of Alberta, 1983.
=504  \\$aIncludes bibliographical references.
=650  \0$aNeutrons$xScattering.
=650  \0$aDeuterons$xScattering.
=650  \0$aNeutrons$xMeasurement.
=710  2\$aUniversity of Alberta.$bDepartment of Physics.
=900  \\$aMK63881
=949  \\$zUAIN$zETHESIS

