=LDR  01031ntm  2200253I  4500
=001  uab09197454
=003  AEU
=005  20140319134934.0
=006  m|||||o||d||||||||
=007  cr||||||||||||
=008  140319s1983\\\\xx\df\\\obm\\\000\0\eng\d
=040  \\$aAEU$cAEU
=050  \4$aPG2390$b.K78 1983
=090  \\$aInternet Access$bAEU
=100  1\$aKrupp, Maria,$d1955-
=245  10$aWord order in Russian$h[electronic resource] :$ban experimental study /$cby Maria Krupp.
=260  \\$cc1983.
=300  \\$a1 online resource (xi, 94 p.) :$bill.
=500  \\$a"A thesis submitted to the Faculty of Graduate Studies and Research in partial fulfillment of the requirements for the Degree of Master of Arts in Russian Linguistics, Department of Slavic and East European Studies."
=502  \\$aThesis (M.A.)--University of Alberta, 1983.
=504  \\$aIncludes bibliographical references.
=650  \0$aRussian language$xWord order.
=710  2\$aUniversity of Alberta.$bDepartment of Slavic and East European Studies.
=900  \\$aMK63882
=949  \\$zUAIN$zETHESIS

