=LDR  01054ntm  2200277I  4500
=001  uab09197459
=003  AEU
=005  20140319134934.0
=006  m|||||o||d||||||||
=007  cr||||||||||||
=008  140319s1983\\\\xx\\\\\\obm\\\000\0\eng\d
=040  \\$aAEU$cAEU
=050  \4$aQA387$b.F67 1983
=090  \\$aInternet Access$bAEU
=100  1\$aForrest, Brian Edmund,$d1960-
=245  10$aInvariant means on function spaces on semitopological semigroups$h[electronic resource] /$cby Brian Edmund Forrest.
=260  \\$cc1983.
=300  \\$a1 online resource (vii, 50 p.)
=500  \\$a"A thesis submitted to the Faculty of Graduate Studies and Research in partial fulfillment of the requirements for the Degree of Master of Science, Department of Mathematics."
=502  \\$aThesis (M. Sc.)--University of Alberta, 1983.
=504  \\$aIncludes bibliographical references.
=650  \0$aTopological semigroups.
=650  \0$aFunction spaces.
=650  \0$aInvariants.
=710  2\$aUniversity of Alberta.$bDepartment of Mathematics.
=900  \\$aMK63883
=949  \\$zUAIN$zETHESIS

