=LDR  01073ntm  2200277I  4500
=001  uab09197463
=003  AEU
=005  20140319134934.0
=006  m|||||o||d||||||||
=007  cr||||||||||||
=008  140319s1983\\\\xx\adf\\obm\\\000\0\eng\d
=040  \\$aAEU$cAEU
=050  \4$aR857.L37$bD66 1983
=090  \\$aInternet Access$bAEU
=100  1\$aDomier, Calvin Wayne,$d1958-
=245  10$aImage analysis as a diagnostic aid in laser research$h[electronic resource] /$cby Calvin Wayne Domier.
=260  \\$cc1983.
=300  \\$a1 online resource (viii, 72 p.) :$bill.
=500  \\$a"A thesis submitted to the Faculty of Graduate Studies and Research in partial fulfillment of the requirements for the Degree of Master of Science, Department of Electrical Engineering."
=502  \\$aThesis (M. Sc.)--University of Alberta, 1983.
=504  \\$aIncludes bibliographical references.
=650  \0$aImage analysis.
=650  \0$aImaging systems.
=650  \0$aLasers in medicine.
=710  2\$aUniversity of Alberta.$bDepartment of Electrical Engineering.
=900  \\$aMK63888
=949  \\$zUAIN$zETHESIS

