=LDR  01055ntm  2200265I  4500
=001  uab09197504
=003  AEU
=005  20140319134934.0
=006  m|||||o||d||||||||
=007  cr||||||||||||
=008  140319s1983\\\\xx\df\\\obm\\\000\0\eng\d
=040  \\$aAEU$cAEU
=050  \4$aRM666.A617$bC46 1983
=090  \\$aInternet Access$bAEU
=100  1\$aChow, Hau Lin,$d1956-
=245  10$aDifferential effects of two serotonin depletors on apomorphine-induced behaviors$h[electronic resource] /$cby Hau Lin Chow.
=260  \\$cc1983.
=300  \\$a1 online resource (xi, 148 p.) :$bill.
=500  \\$a"A thesis submitted to the Faculty of Graduate Studies and Research in partial fulfillment of the requirements for the Degree of Master of Science, Department of Psychology."
=502  \\$aThesis (M. Sc.)--University of Alberta, 1983.
=504  \\$aIncludes bibliographical references.
=650  \0$aApomorphine$xPsychological aspects.
=650  \0$aSerotonin$xAntagonists.
=710  2\$aUniversity of Alberta.$bDepartment of Psychology.
=900  \\$aMK63897
=949  \\$zUAIN$zETHESIS

