=LDR  01151ntm  2200277I  4500
=001  uab09197525
=003  AEU
=005  20140319134934.0
=006  m|||||o||d||||||||
=007  cr||||||||||||
=008  140319s1983\\\\xx\adf\\obm\\\000\0\eng\d
=040  \\$aAEU$cAEU
=050  \4$aSF376.8$b.M33 1983
=090  \\$aInternet Access$bAEU
=100  1\$aMcBride, Gwen Elizabeth,$d1958-
=245  14$aThe influence of prolonged cold exposure on lactation and growth in sheep$h[electronic resource] /$cby Gwen Elizabeth McBride.
=260  \\$cc1983.
=300  \\$a1 online resource (xvii, 196 p.) :$bill.
=500  \\$a"A thesis submitted to the Faculty of Graduate Studies and Research in partial fulfillment of the requirements for the Degree of Master of Science in Animal Physiology, Department of Animal Science."
=502  \\$aThesis (M. Sc.)--University of Alberta, 1983.
=504  \\$aIncludes bibliographical references.
=650  \0$aSheep$xEffect of cold on.
=650  \0$aSheep$xMilk yield$xEffect of cold on.
=650  \0$aSheep$xGrowth$xEffect of cold on.
=710  2\$aUniversity of Alberta.$bDepartment of Animal Science.
=900  \\$aMK63901
=949  \\$zUAIN$zETHESIS

