=LDR  01106ntm  2200289I  4500
=001  uab09197534
=003  AEU
=005  20140319134934.0
=006  m|||||o||d||||||||
=007  cr||||||||||||
=008  140319s1983\\\\xx\\\\\\obm\\\000\0\eng\d
=040  \\$aAEU$cAEU
=043  \\$an-cn-ab
=050  \4$aJL339.A55$bM66 1983
=090  \\$aInternet Access$bAEU
=100  1\$aMonkhouse, Bruce,$d1956-
=245  14$aThe Alberta New Democratic Party$h[electronic resource] :$bsurvival without success /$cby Bruce Monkhouse.
=260  \\$cc1983.
=300  \\$a1 online resource (vii, 106 p.)
=500  \\$a"A thesis submitted to the Faculty of Graduate Studies and Research in partial fulfillment of the requirements for the Degree of Master of Arts, Department of Political Science."
=502  \\$aThesis (M.A.)--University of Alberta, 1983.
=504  \\$aIncludes bibliographical references.
=610  20$aAlberta New Democratic Party.
=650  \0$aSocialism$zAlberta.
=651  \0$aAlberta$xPolitics and government.
=710  2\$aUniversity of Alberta.$bDepartment of Political Science.
=900  \\$aMK63903
=949  \\$zUAIN$zETHESIS

