=LDR  01239ntm  2200301I  4500
=001  uab09197703
=003  AEU
=005  20140319134934.0
=006  m|||||o||d||||||||
=007  cr||||||||||||
=008  140319s1983\\\\xx\\\\\\obm\\\000\0\ita\d
=040  \\$aAEU$cAEU
=041  0\$aita$beng
=050  \4$aB785.F433$bC6636 1983
=090  \\$aInternet Access$bAEU
=100  1\$aMoraglia, Giampaolo,$d1949-
=245  13$aIl Consilio contro la pestilenzia di Marsilio Ficino$h[electronic resource] /$cdi Giampaolo Moraglia.
=260  \\$cc1983.
=300  \\$a1 online resource (ix, 142 p.)
=500  \\$a"A thesis submitted to the Faculty of Graduate Studies and Research in partial fulfillment of the requirements for the Degree of Master of Arts in Italian Literature, Department of Romance Languages."
=502  \\$aThesis (M.A.)--University of Alberta, 1983.
=504  \\$aIncludes bibliographical references.
=546  \\$aIn Italian; with abstracts in English and Italian.
=600  10$aFicino, Marsilio,$d1433-1499.$tConsiglio contro la pestilenza$xCriticism and interpretation.
=650  \0$aPlague in literature.
=650  \0$aBlack Death.
=710  2\$aUniversity of Alberta.$bDepartment of Romance Languages.
=900  \\$aMK63917
=949  \\$zUAIN$zETHESIS

