=LDR  01218ntm  2200277I  4500
=001  uab09197744
=003  AEU
=005  20140319134934.0
=006  m|||||o||d||||||||
=007  cr||||||||||||
=008  140319s1983\\\\xx\a\\\\obm\\\000\0\eng\d
=040  \\$aAEU$cAEU
=043  \\$ad------
=050  \4$aR855.5.D44$bG74 1983
=090  \\$aInternet Access$bAEU
=100  1\$aGreen, Ruth M.$q(Ruth Marjorie),$d1930-
=245  10$aAppropriate health technology transfer to third world countries$h[electronic resource] :$ba community development perspective /$cby Ruth M. Green.
=260  \\$cc1983.
=300  \\$a1 online resource ([3], viii, [1], 163 p.) :$bill.
=500  \\$a"A thesis submitted to the Faculty of Graduate Studies and Research in partial fulfillment of the requirements for the Degree of Master of Arts in Community Development, Division of Community Development."
=502  \\$aThesis (M.A.)--University of Alberta, 1983.
=504  \\$aIncludes bibliographical references.
=650  \0$aMedical care$xTechnological innovations$zDeveloping countries.
=650  \0$aCommunity development$zDeveloping countries.
=710  2\$aUniversity of Alberta.$bDivision of Community Development.
9900  \\$aMK63949
=949  \\$zUAIN$zETHESIS

