=LDR  01083ntm  2200277I  4500
=001  uab09197786
=003  AEU
=005  20140319134934.0
=006  m|||||o||d||||||||
=007  cr||||||||||||
=008  140319s1983\\\\xx\abdf\obm\\\000\0\eng\d
=040  \\$aAEU$cAEU
=050  \4$aQC996$b.S76 1983
=090  \\$aInternet Access$bAEU
=100  1\$aStovel, Leslie Dorothy,$d1955-
=245  12$aA two-dimensional numerical model of airflow within a small urban valley$h[electronic resource] /$cby Leslie Dorothy Stovel.
=260  \\$cc1983.
=300  \\$a1 online resource (xix, 161 p.) :$bill., map
=500  \\$a"A thesis submitted to the Faculty of Graduate Studies and Research in partial fulfillment of the requirements for the Degree of Master of Science in Meteorology, Department of Geography."
=502  \\$aThesis (M. Sc.)--University of Alberta, 1983.
=504  \\$aIncludes bibliographical references.
=650  \0$aNumerical weather forecasting.
=650  \0$aWinds.
=650  \0$aValleys.
=710  2\$aUniversity of Alberta.$bDepartment of Geography.
=900  \\$aMK63954
=949  \\$zUAIN$zETHESIS

