=LDR  01098ntm  2200277I  4500
=001  uab09197837
=003  AEU
=005  20140319134934.0
=006  m|||||o||d||||||||
=007  cr||||||||||||
=008  140319s1983\\\\xx\adf\\obm\\\000\0\eng\d
=040  \\$aAEU$cAEU
=050  \4$aS592.3$b.M55 1983
=090  \\$aInternet Access$bAEU
=100  1\$aMiller, James Craig,$d1949-
=245  10$aLayer model of chromatographic solute transport through partially frozen structured soil$h[electronic resource] /$cby James Craig Miller.
=260  \\$cc1983.
=300  \\$a1 online resource (xii, 162 p.) :$bill.
=500  \\$a"A thesis submitted to the Faculty of Graduate Studies and Research in partial fulfillment of the requirements for the Degree of Master of Science, Department of Soil Science."
=502  \\$aThesis (M. Sc.)--University of Alberta, 1983.
=504  \\$aIncludes bibliographical references.
=650  \0$aSoils$xSolute movement.
=650  \0$aChromatographic analysis.
=650  \0$aFrozen ground.
=710  2\$aUniversity of Alberta.$bDepartment of Soil Science.
=900  \\$aMK63972
=949  \\$zUAIN$zETHESIS

