=LDR  01346ntm  2200301I  4500
=001  uab09197847
=003  AEU
=005  20140319134934.0
=006  m|||||o||d||||||||
=007  cr||||||||||||
=008  140319s1983\\\\xx\bdf\\obm\\\000\0\eng\d
=040  \\$aAEU$cAEU
=043  \\$af-ke---
=050  \4$aSF196.K4$bM85 1983
=090  \\$aInternet Access$bAEU
=100  1\$aMukoya-Wangia, Sabina,$d1950-
=245  12$aA socio-economic analysis of adoption of European breeds of dairy cattle in southern Kakamega, Kenya$h[electronic resource] /$cby Sabina Mukoya-Wangia.
=260  \\$cc1983.
=300  \\$a1 online resource (xii, 100 p.) :$bill., maps
=500  \\$a"A thesis submitted to the Faculty of Graduate Studies and Research in partial fulfillment of the requirements for the Degree of Master of Science in Agricultural Economics, Department of Rural Economy."
=500  \\$a"Page 18 has been removed due to lack of availability of copyright permission."--P. 18.
=502  \\$aThesis (M. Sc.)--University of Alberta, 1983.
=504  \\$aIncludes bibliographical references.
=650  \0$aDairy cattle breeds$zKenya$zKakamega.
=650  \0$aCattle trade$xSocial aspects$zKenya$zKakamega.
=650  \0$aCattle trade$xEconomic aspects$zKenya$zKakamega.
=710  2\$aUniversity of Alberta.$bDepartment of Rural Economy.
=900  \\$aMK63973
=949  \\$zUAIN$zETHESIS

