=LDR  01077ntm  2200265I  4500
=001  uab09197861
=003  AEU
=005  20140319134934.0
=006  m|||||o||d||||||||
=007  cr||||||||||||
=008  140319s1983\\\\xx\adf\\obm\\\000\0\eng\d
=040  \\$aAEU$cAEU
=050  \4$aS592.6.E57$bB47 1983
=090  \\$aInternet Access$bAEU
=100  1\$aBergstrom, David W.$q(David Waldemar),$d1955-
=245  13$aAn investigation of controls on soil phosphatase activity under laboratory and field conditions$h[electronic resource] /$cby David W. Bergstrom.
=260  \\$cc1983.
=300  \\$a1 online resource (xvii, 226 p.) :$bill.
=500  \\$a"A thesis submitted to the Faculty of Graduate Studies and Research in partial fulfillment of the requirements for the Degree of Master of Science, Department of Soil Science."
=502  \\$aThesis (M. Sc.)--University of Alberta, 1983.
=504  \\$aIncludes bibliographical references.
=650  \0$aSoil enzymology.
=650  \0$aPhosphatases.
=710  2\$aUniversity of Alberta.$bDepartment of Soil Science.
=900  \\$aMK63977
=949  \\$zUAIN$zETHESIS

