=LDR  01080ntm  2200289I  4500
=001  uab09197876
=003  AEU
=005  20140319134934.0
=006  m|||||o||d||||||||
=007  cr||||||||||||
=008  140319s1983\\\\xx\\\\\\obm\\\000\0\eng\d
=040  \\$aAEU$cAEU
=050  \4$aBF1078$b.N54 1983
=090  \\$aInternet Access$bAEU
=100  1\$aNielsen, Tore Andr{acute}e,$d1954-
=245  10$aDreams as stories$h[electronic resource] :$bstructural analysis of sleep mentation /$cby Tore Andre Nielsen.
=260  \\$cc1983.
=300  \\$a1 online resource (vii, 136 p.)
=500  \\$a"A thesis submitted to the Faculty of Graduate Studies and Research in partial fulfillment of the requirements for the Degree of Master of Science, Department of Psychology."
=502  \\$aThesis (M. Sc.)--University of Alberta, 1983.
=504  \\$aIncludes bibliographical references.
=650  \0$aDreams.
=650  \0$aDream interpretation.
=650  \0$aNarration (Rhetoric)
=650  \0$aFiction$xTechnique.
=710  2\$aUniversity of Alberta.$bDepartment of Psychology.
=900  \\$aMK63979
=949  \\$zUAIN$zETHESIS

