=LDR  01154ntm  2200277I  4500
=001  uab09197887
=003  AEU
=005  20140319134934.0
=006  m|||||o||d||||||||
=007  cr||||||||||||
=008  140319s1983\\\\xx\af\\\obm\\\000\0\eng\d
=040  \\$aAEU$cAEU
=050  \4$aBV625$b.B85 1983
=090  \\$aInternet Access$bAEU
=100  1\$aBujold, Paul M.$q(Paul Marc),$d1948-
=245  14$aThe development of community through the religious covenant$h[electronic resource] :$ba Bah{macr}a'{macr}i case history /$cby Paul M. Bujold.
=260  \\$cc1983.
=300  \\$a1 online resource (xii, 189 p.) :$bill.
=500  \\$a"A thesis submitted to the Faculty of Graduate Studies and Research in partial fulfillment of the requirements for the Degree of Master of Arts in Community Development, Division of Community Development."
=502  \\$aThesis (M.A.)--University of Alberta, 1983.
=504  \\$aIncludes bibliographical references.
=650  \0$aCommunity development$xReligious aspects.
=650  \0$aCovenants$xReligious aspects.
=650  \0$aBahai Faith.
=710  2\$aUniversity of Alberta.$bDivision of Community Development.
=900  \\$aMK63983
=949  \\$zUAIN$zETHESIS

