=LDR  01137ntm  2200289I  4500
=001  uab09197900
=003  AEU
=005  20140319134934.0
=006  m|||||o||d||||||||
=007  cr||||||||||||
=008  140319s1983\\\\xx\\\\\\obm\\\000\0\eng\d
=040  \\$aAEU$cAEU
=043  \\$an-cn-ab
=050  \4$aHD8039.F32$bC26 1983
=090  \\$aInternet Access$bAEU
=100  1\$aMakuch, Andrij Borys,$d1956-
=245  10$aIn the populist tradition$h[electronic resource] :$borganizing the Ukrainian farmer in Alberta, 1909-1935 /$cby Andrij Borys Makuch.
=260  \\$cc1983.
=300  \\$a1 online resource (xii, 190 p.)
=500  \\$a"A thesis submitted to the Faculty of Graduate Studies and Research in partial fulfillment of the requirements for the Degree of Master of Arts, Department of History."
=502  \\$aThesis (M.A.)--University of Alberta, 1983.
=504  \\$aIncludes bibliographical references (leaves 176-190).
=650  \0$aUkrainians$zAlberta$xHistory.
=650  \0$aFarmers$xPolitical activity$zAlberta.
=650  \0$aPopulism$zAlberta.
=710  2\$aUniversity of Alberta.$bDepartment of History.
=900  \\$aMK63987
=949  \\$zUAIN$zETHESIS

