=LDR  01145ntm  2200277I  4500
=001  uab09197907
=003  AEU
=005  20140319134934.0
=006  m|||||o||d||||||||
=007  cr||||||||||||
=008  140319s1983\\\\xx\abdf\obm\\\000\0\eng\d
=040  \\$aAEU$cAEU
=043  \\$an-cn-ab
=050  \4$aHD1790.E36$bB74 1983
=090  \\$aInternet Access$bAEU
=100  1\$aBrewka, Karen Beryl,$d1952-
=245  12$aA descriptive study of part-time farming on the rural-urban fringe of Edmonton$h[electronic resource] /$cby Karen Beryl Brewka.
=260  \\$cc1983.
=300  \\$a1 online resource (xiii, 167 p.) :$bill., maps
=500  \\$a"A thesis submitted to the Faculty of Graduate Studies and Research in partial fulfillment of the requirements for the Degree of Master of Science in Rural Sociology, Department of Rural Economy."
=502  \\$aThesis (M. Sc.)--University of Alberta, 1983.
=504  \\$aIncludes bibliographical references.
=650  \0$aPart-time farming$zAlberta$zEdmonton.
=650  \0$aWildland-urban interface$zAlberta$zEdmonton.
=710  2\$aUniversity of Alberta.$bDepartment of Rural Economy.
=900  \\$sMK63988
=949  \\$zUAIN$zETHESIS

