=LDR  01038ntm  2200277I  4500
=001  uab09197924
=003  AEU
=005  20140319134934.0
=006  m|||||o||d||||||||
=007  cr||||||||||||
=008  140319s1983\\\\xx\adf\\obm\\\000\0\eng\d
=040  \\$aAEU$cAEU
=050  \4$aSB951.4$b.J35 1983
=090  \\$aInternet Access$bAEU
=100  1\$aJain, Rakesh,$d1956-
=245  10$aEfficacy and behaviour of three new selective herbicides for grass weed control$h[electronic resource] /$cby Rakesh Jain.
=260  \\$cc1983.
=300  \\$a1 online resource (xvi, 148 p.) :$bill.
=500  \\$a"A thesis submitted to the Faculty of Graduate Studies and Research in partial fulfillment of the requirements for the Degree of Master of Science in Weed Science, Plant Science."
=502  \\$aThesis (M. Sc.)--University of Alberta, 1983.
=504  \\$aIncludes bibliographical references.
=650  \0$aHerbicides.
=650  \0$aWeeds$xControl.
=650  \0$aGrasses.
=900  \\$aMK63999
=949  \\$zUAIN$zETHESIS
=987  \\$amissing$b710$dNo department specified.

