=LDR  01073ntm  2200277I  4500
=001  uab09197931
=003  AEU
=005  20140319134934.0
=006  m|||||o||d||||||||
=007  cr||||||||||||
=008  140319s1983\\\\xx\adf\\obm\\\000\0\eng\d
=040  \\$aAEU$cAEU
=050  \4$aQD96.I5$bD38 1983
=090  \\$aInternet Access$bAEU
=100  1\$aDavidson, Timothy Marc.
=245  10$aFourier transform infrared in-situ spectroelectrochemistry$h[electronic resource] /$cby Timothy Marc Davidson.
=260  \\$cc1983.
=300  \\$a1 online resource (xv, 115 p.) :$bill.
=500  \\$a"A thesis submitted to the Faculty of Graduate Studies and Research in partial fulfillment of the requirements for the Degree of Master of Science, Department of Chemistry."
=502  \\$aThesis (M. Sc.)--University of Alberta, 1983.
=504  \\$aIncludes bibliographical references.
=650  \0$aFourier transform infrared spectroscopy.
=650  \0$aElectrochemistry.
=650  \0$aSpectrum analysis.
=710  2\$aUniversity of Alberta.$bDepartment of Chemistry.
=900  \\$aMK64006
=949  \\$zUAIN$zETHESIS

