=LDR  01114ntm  2200277I  4500
=001  uab09197988
=003  AEU
=005  20140319134934.0
=006  m|||||o||d||||||||
=007  cr||||||||||||
=008  140319s1984\\\\xx\df\\\obm\\\000\0\eng\d
=040  \\$aAEU$cAEU
=050  \4$aPE1559$b.R44 1984
=090  \\$aInternet Access$bAEU
=100  1\$aReeve, Timothy C.$q(Timothy Charles),$d1952-
=245  12$aA comparison of stress and syllable isochrony$h[electronic resource] /$cby Timothy C. Reeve.
=260  \\$cc1984.
=300  \\$a1 online resource (x, 123 p.) :$bill.
=500  \\$a"A thesis submitted to the Faculty of Graduate Studies and Research in partial fulfillment of the requirements for the Degree of Master of Science in Speech Production and Perception, Department of Linguistics."
=502  \\$aThesis (M. Sc.)--University of Alberta, 1984.
=504  \\$aIncludes bibliographical references.
=650  \0$aEnglish language$xRhythm.
=650  \0$aFrench language$xRhythm.
=650  \0$aAccents and accentuation.
=710  2\$aUniversity of Alberta.$bDepartment of Linguistics.
=900  \\$aML24751
=949  \\$zUAIN$zETHESIS

