=LDR  01167ntm  2200277I  4500
=001  uab09198004
=003  AEU
=005  20140319134934.0
=006  m|||||o||d||||||||
=007  cr||||||||||||
=008  140319s1984\\\\xx\adef\obm\\\000\0\eng\d
=040  \\$aAEU$cAEU
=050  \4$aTK5105.2$b.M97 1984
=090  \\$aInternet Access$bAEU
=100  1\$aMysore, Sudhesh Malliah,$d1956-
=245  10$aAnalysis and compensation of semiconductor laser nonlinearity for analog video transmission$h[electronic resource] /$cby Sudhesh M. Mysore.
=260  \\$cc1984.
=300  \\$a1 online resource (xiii, 223 p.) :$bill., plans
=500  \\$a"A thesis submitted to the Faculty of Graduate Studies and Research in partial fulfillment of the requirements for the Degree of Master of Science, Department of Electrical Engineering."
=502  \\$aThesis (M. Sc.)--University of Alberta, 1984.
=504  \\$aIncludes bibliographical references.
=590  \\$aScanned copy defective: p. 87 wanting.
=650  \0$aImage transmission$xData processing.
=650  \0$aSemiconductor lasers.
=710  2\$aUniversity of Alberta.$bDepartment of Electrical Engineering.
=900  \\$aML24757
=949  \\$zUAIN$zETHESIS

