=LDR  01153ntm  2200277I  4500
=001  uab09198018
=003  AEU
=005  20140319134934.0
=006  m|||||o||d||||||||
=007  cr||||||||||||
=008  140319s1984\\\\xx\\\\\\obm\\\000\0\eng\d
=040  \\$aAEU$cAEU
=050  \4$aPN56.5.W64$bK64 1984
=090  \\$aInternet Access$bAEU
=100  1\$aKoh, Eugene Yong Siang,$d1948-
=245  12$aA study in characterization$h[electronic resource] /$cby Koh, Eugene Yong Siang.
=260  \\$cc1984.
=300  \\$a1 online resource (viii, 105 p.)
=500  \\$a"A thesis submitted to the Faculty of Graduate Studies and Research in partial fulfillment of the requirements for the Degree of Master of Arts, Department of Comparative Literature."
=502  \\$aThesis (M.A.)--University of Alberta, 1984.
=504  \\$aIncludes bibliographical references.
=650  \0$aCharacters and characteristics in literature.
=600  10$aThackeray, William Makepeace,$d1811-1863.$tVanity fair$xCharacters.
=600  00$aXiaoxiaosheng.$tJin Ping Mei ci hua$xCharacters.
=710  2\$aUniversity of Alberta.$bDepartment of Comparative Literature.
=900  \\$aML24759
=949  \\$zUAIN$zETHESIS

