=LDR  01164ntm  2200277I  4500
=001  uab09198145
=003  AEU
=005  20140319134934.0
=006  m|||||o||d||||||||
=007  cr||||||||||||
=008  140319s1984\\\\xx\df\\\obm\\\000\0\eng\d
=040  \\$aAEU$cAEU
=050  \4$aPC2074.85$b.L38 1984
=090  \\$aInternet Access$bAEU
=100  1\$aLaurell, Gunilla Christine,$d1958-
=245  10$aSprachgef{uml}uhl$h[electronic resource] :$bdevelopment of a measurement technique /$cby Gunilla Christine Laurell.
=260  \\$cc1984.
=300  \\$a1 online resource (xi, 163 p.) :$bill.
=500  \\$a"A thesis submitted to the Faculty of Graduate Studies and Research in partial fulfillment of the requirements for the Degree of Master of Science in Psycholinguistics, Department of Linguistics."
=502  \\$aThesis (M. Sc.)--University of Alberta, 1984.
=504  \\$aIncludes bibliographical references.
=590  \\$aScanned copy imperfect: p. 33-35 varied and duplicated.
=650  \0$aFrench language$xAcquisition$xTesting.
=650  \0$aFrench language$xAbility testing.
=710  2\$aUniversity of Alberta.$bDepartment of Linguistics.
=900  \\$aML24760
=949  \\$zUAIN$zETHESIS

