=LDR  01156ntm  2200277I  4500
=001  uab09198150
=003  AEU
=005  20140319134934.0
=006  m|||||o||d||||||||
=007  cr||||||||||||
=008  140319s1984\\\\xx\gf\\\obm\\\000\0\eng\d
=040  \\$aAEU$cAEU
=050  \4$aML50.V82$bG586 1984
=090  \\$aInternet Access$bAEU
=100  1\$aMarles, Candace Ann,$d1959-
=245  10$aStyle and structure in Antonio Vivaldi's Il Giustino (1724)$h[electronic resource] /$cby Candace Ann Marles.
=260  \\$cc1984.
=300  \\$a1 online resource (viii, 135 p.) :$bmusic
=500  \\$a"A thesis submitted to the Faculty of Graduate Studies and Research in partial fulfillment of the requirements for the Degree of Master of Music in Musicology, Department of Music."
=502  \\$aThesis (M. Mus.)--University of Alberta, 1984.
=504  \\$aIncludes bibliographical references.
=590  \\$aScanned copy defective and imperfect: p. 128 wanting; p. 88-135 duplicated after p. 135.
=600  10$aVivaldi, Antonio,$d1678-1741.$tGiustino.
=650  \0$aOperas$xLibrettos.
=710  2\$aUniversity of Alberta.$bDepartment of Music.
=900  \\$aML24761
=949  \\$zUAIN$zETHESIS

