=LDR  01054ntm  2200265I  4500
=001  uab09198162
=003  AEU
=005  20140319134934.0
=006  m|||||o||d||||||||
=007  cr||||||||||||
=008  140319s1984\\\\xx\\\\\\obm\\\000\0deng\d
=040  \\$aAEU$cAEU
=050  \4$aPR4644.T353$bD47 1984
=090  \\$aInternet Access$bAEU
=100  1\$aDe Scossa, Catriona,$d1946-
=245  14$aThe female profession$h[electronic resource] :$bTales of fashionable life as a textbook /$cby Catriona de Scossa.
=260  \\$cc1984.
=300  \\$a1 online resource (vii, 95 p.)
=500  \\$a"A thesis submitted to the Faculty of Graduate Studies and Research in partial fulfillment of the requirements for the Degree of Master of Arts, Department of English."
=502  \\$aThesis (M.A.)--University of Alberta, 1984.
=504  \\$aIncludes bibliographical references.
=600  10$aEdgeworth, Maria,$d1768-1849.$tTales of fashionable life.
=650  \0$aHousewives$xEducation.
=710  2\$aUniversity of Alberta.$bDepartment of English.
=900  \\$aML24762
=949  \\$zUAIN$zETHESIS

