=LDR  01042ntm  2200265I  4500
=001  uab09198206
=003  AEU
=005  20140319134934.0
=006  m|||||o||d||||||||
=007  cr||||||||||||
=008  140319s1984\\\\xx\af\\\obm\\\000\0\eng\d
=040  \\$aAEU$cAEU
=050  \4$aHF5415.32$b.M34 1984
=090  \\$aInternet Access$bAEU
=100  1\$aMcGregor, Sue L.$q(Sue Lillian),$d1952-
=245  12$aA process model of family consumer decisions$h[electronic resource] /$cby Sue L. McGregor.
=260  \\$cc1984.
=300  \\$a1 online resource (ix, [3], 162 p.) :$bill.
=500  \\$a"A thesis submitted to the Faculty of Graduate Studies and Research in partial fulfillment of the requirements for the Degree of Master of Science in Consumer Studies, Faculty of Home Economics."
=502  \\$aThesis (M. Sc.)--University of Alberta, 1984.
=504  \\$aIncludes bibliographical references.
=650  \0$aConsumer behavior.
=650  \0$aHome economics.
=710  2\$aUniversity of Alberta.$bFaculty of Home Economics.
=900  \\$aML24777
=949  \\$zUAIN$zETHESIS

