=LDR  01130ntm  2200277I  4500
=001  uab09198221
=003  AEU
=005  20140319134934.0
=006  m|||||o||d||||||||
=007  cr||||||||||||
=008  140319s1984\\\\xx\adf\\obm\\\000\0\eng\d
=040  \\$aAEU$cAEU
=050  \4$aTK5103.592.F52$bK45 1984
=090  \\$aInternet Access$bAEU
=100  1\$aKelly, Colin G.$q(Colin Geoffrey),$d1959-
=245  10$aMultilevel signalling and decision-feedback equalization for multimode optical fibers$h[electronic resource] /$cby Colin G. Kelly.
=260  \\$cc1984.
=300  \\$a1 online resource (xv, 231 p.) :$bill.
=500  \\$a"A thesis submitted to the Faculty of Graduate Studies and Research in partial fulfillment of the requirements for the Degree of Master of Science, Department of Electrical Engineering."
=502  \\$aThesis (M. Sc.)--University of Alberta, 1984.
=504  \\$aIncludes bibliographical references.
=650  \0$aOptical fibers.
=650  \0$aOptical fiber communication.
=650  \0$aSignal processing.
=710  2\$aUniversity of Alberta.$bDepartment of Electrical Engineering.
=900  \\$aML24786
=949  \\$zUAIN$zETHESIS

