=LDR  01201ntm  2200301I  4500
=001  uab09198233
=003  AEU
=005  20140319134934.0
=006  m|||||o||d||||||||
=007  cr||||||||||||
=008  140319s1984\\\\xx\adf\\obm\\\000\0\eng\d
=040  \\$aAEU$cAEU
=050  \4$aTH2276$b.J46 1984
=090  \\$aInternet Access$bAEU
=100  1\$aJennings, Gail,$d1957-
=245  10$aConsumer assessment of flexible insulative window shades$h[electronic resource] :$ban application of the Fishbein-Ajzen model /$cby Gail Jennings.
=260  \\$cc1984.
=300  \\$a1 online resource (xi, 129 p.) :$bill.
=500  \\$a"A thesis submitted to the Faculty of Graduate Studies and Research in partial fulfillment of the requirements for the Degree of Master of Science in Consumer Studies, Faculty of Home Economics."
=502  \\$aThesis (M. Sc.)--University of Alberta, 1984.
=504  \\$aIncludes bibliographical references.
=590  \\$aScanned copy defective: p. 80 wanting.
=650  \0$aWindow shades.
=650  \0$aWindows$xThermal properties.
=650  \0$aEnergy conservation.
=650  \0$aIntention.
=710  2\$aUniversity of Alberta.$bFaculty of Home Economics.
=900  \\$aML24787
=949  \\$zUAIN$zETHESIS

