=LDR  01195ntm  2200265I  4500
=001  uab09198239
=003  AEU
=005  20140319134934.0
=006  m|||||o||d||||||||
=007  cr||||||||||||
=008  140319s1984\\\\xx\\\\\\obm\\\000\0\eng\d
=040  \\$aAEU$cAEU
=050  \4$aB3313.V663$bM35 1984
=090  \\$aInternet Access$bAEU
=100  1\$aMalcolmson, Patrick N.,$d1953-
=245  10$aNietzsche and the problem of historicism$h[electronic resource] :$ba commentary on The use and disadvantage of "historie" for life /$cby Patrick N. Malcolmson.
=260  \\$cc1984.
=300  \\$a1 online resource ([7], 147 p.)
=500  \\$a"A thesis submitted to the Faculty of Graduate Studies and Research in partial fulfillment of the requirements for the Degree of Master of Arts, Department of Political Science."
=502  \\$aThesis (M.A.)--University of Alberta, 1984.
=504  \\$aIncludes bibliographical references.
=600  10$aNietzsche, Friedrich Wilhelm,$d1844-1900.$tVom Nutzen und Nachteil der Historie f{uml}ur das Leben$xCriticism and interpretation.
=650  \0$aHistoricism in literature.
=710  2\$aUniversity of Alberta.$bDepartment of Political Science.
=900  \\$aML24788
=949  \\$zUAIN$zETHESIS

