=LDR  01099ntm  2200277I  4500
=001  uab09198265
=003  AEU
=005  20140319134934.0
=006  m|||||o||d||||||||
=007  cr||||||||||||
=008  140319s1984\\\\xx\af\\\obm\\\000\0\eng\d
=040  \\$aAEU$cAEU
=050  \4$aHQ10$b.L53 1984
=090  \\$aInternet Access$bAEU
=100  1\$aLiddell, Landor,$d1948-
=245  10$aPsychological differentiation as a factor in marital problem solving$h[electronic resource] /$cby Landor Liddell.
=260  \\$cc1984.
=300  \\$a1 online resource (xi, 167 p.) :$bill.
=500  \\$a"A thesis submitted to the Faculty of Graduate Studies and Research in partial fulfillment of the requirements for the Degree of Master of Science in Family Studies, Faculty of Home Economics."
=502  \\$aThesis (M. Sc.)--University of Alberta, 1984.
=504  \\$aIncludes bibliographical references.
=650  \0$aMarriage counseling.
=650  \0$aDifferentiation (Developmental psychology)
=650  \0$aProblem solving.
=710  2\$aUniversity of Alberta.$bFaculty of Home Economics.
=900  \\$aML24796
=949  \\$zUAIN$zETHESIS

