=LDR  01100ntm  2200289I  4500
=001  uab09198269
=003  AEU
=005  20140319134934.0
=006  m|||||o||d||||||||
=007  cr||||||||||||
=008  140319s1984\\\\xx\adf\\obm\\\000\0\eng\d
=040  \\$aAEU$cAEU
=050  \4$aQP193$b.M34 1984
=090  \\$aInternet Access$bAEU
=100  1\$aMahachai, Varocha,$d1951-
=245  10$aGastric acid and gastrin profiles in health and disease$h[electronic resource] /$cby Varocha Mahachai.
=260  \\$cc1984.
=300  \\$a1 online resource (xxii, 374 p.) :$bill.
=500  \\$a"A thesis submitted to the Faculty of Graduate Studies and Research in partial fulfillment of the requirements for the Degree of Master of Science in Experimental Medicine, Department of Medicine."
=502  \\$aThesis (M. Sc.)--University of Alberta, 1984.
=504  \\$aIncludes bibliographical references.
=590  \\$aScanned copy defective: p. 333 wanting.
=650  \0$aGastric acid.
=650  \0$aGastrin.
=650  \0$aHealth.
=710  2\$aUniversity of Alberta.$bDepartment of Medicine.
=900  \\$aML24797
=949  \\$zUAIN$zETHESIS

