=LDR  00990ntm  2200265I  4500
=001  uab09199077
=003  AEU
=005  20140319134934.0
=006  m|||||o||d||||||||
=007  cr||||||||||||
=008  140319s1984\\\\xx\\\\\\obm\\\000\0\eng\d
=040  \\$aAEU$cAEU
=050  \4$aPR1786$b.R53 1984
=090  \\$aInternet Access$bAEU
=100  1\$aRichardson, John,$d1961-
=245  14$aThe wanderer$h[electronic resource] :$ban old English wisdom poem /$cby John Richardson.
=260  \\$cc1984.
=300  \\$a1 online resource (v, 145 p.)
=500  \\$a"A thesis submitted to the Faculty of Graduate Studies and Research in partial fulfillment of the requirements for the Degree of Master of Arts, Department of English."
=502  \\$aThesis (M.A.)--University of Alberta, 1984.
=504  \\$aIncludes bibliographical references.
=630  00$aWanderer (Anglo-Saxon poem)
=650  \0$aWisdom in literature.
=710  2\$aUniversity of Alberta.$bDepartment of English.
=900  \\$aML24816
=949  \\$zUAIN$zETHESIS

