=LDR  01070ntm  2200265I  4500
=001  uab09199084
=003  AEU
=005  20140319134934.0
=006  m|||||o||d||||||||
=007  cr||||||||||||
=008  140319s1984\\\\xx\\\\\\obm\\\000\0\eng\d
=040  \\$aAEU$cAEU
=050  \4$aPR2047$b.H35 1984
=090  \\$aInternet Access$bAEU
=100  1\$aHaley, Eva M.$q(Eva May),$d1934-
=245  14$aThe concept of courtesy in Malory's Morte Darthur$h[electronic resource] /$cby Eva M. Haley.
=260  \\$cc1984.
=300  \\$a1 online resource (viii, 161 p.)
=500  \\$a"A thesis submitted to the Faculty of Graduate Studies and Research in partial fulfillment of the requirements for the Degree of Master of Arts, Department of English."
=502  \\$aThesis (M.A.)--University of Alberta, 1984.
=504  \\$aIncludes bibliographical references.
=600  10$aMalory, Thomas,$cSir,$dactive 15th century.$tMorte d'Arthur$xCriticism and interpretation.
=650  \0$aCourtesy in literature.
=710  2\$aUniversity of Alberta.$bDepartment of English.
=900  \\$aML24819
=949  \\$zUAIN$zETHESIS

