=LDR  01039ntm  2200265I  4500
=001  uab09199540
=003  AEU
=005  20140319134934.0
=006  m|||||o||d||||||||
=007  cr||||||||||||
=008  140319s1984\\\\xx\a\\\\obm\\\000\0\eng\d
=040  \\$aAEU$cAEU
=050  \4$aPR5907$b.O29 1984
=090  \\$aInternet Access$bAEU
=100  1\$aO'Byrne, Shannon,$d1958-
=245  10$aW.B. Yeats's use of the ballad form$h[electronic resource] /$cby Shannon O'Byrne.
=260  \\$cc1984.
=300  \\$a1 online resource (ix, 101 p.) :$bill.
=500  \\$a"A thesis submitted to the Faculty of Graduate Studies and Research in partial fulfillment of the requirements for the Degree of Master of Arts, Department of English."
=502  \\$aThesis (M.A.)--University of Alberta, 1984.
=504  \\$aIncludes bibliographical references.
=600  10$aYeats, W. B.$q(William Butler),$d1865-1939$xCriticism and interpretation.
=650  \0$aBallads in literature.
=710  2\$aUniversity of Alberta.$bDepartment of English.
=900  \\$aML24832
=949  \\$zUAIN$zETHESIS


