=LDR  01073ntm  2200265I  4500
=001  uab09199556
=003  AEU
=005  20140319134934.0
=006  m|||||o||d||||||||
=007  cr||||||||||||
=008  140319s1984\\\\xx\\\\\\obm\\\000\0\eng\d
=040  \\$aAEU$cAEU
=043  \\$an-cn-ab
=050  \4$aGV181.3$b.D63 1984
=090  \\$aInternet Access$bAEU
=100  1\$aDodds, Claramae Lois,$d1935-
=245  10$aRecreation information resources management$h[electronic resource] /$cby Claramae Lois Dodds.
=260  \\$cc1984.
=300  \\$a1 online resource (xi, 84 p.)
=500  \\$a"A thesis submitted to the Faculty of Graduate Studies and Research in partial fulfillment of the requirements for the Degree of Master of Arts in Recreation, Department of Recreation and Leisure Studies."
=502  \\$aThesis (M.A.)--University of Alberta, 1984.
=504  \\$aIncludes bibliographical references.
=650  \0$aRecreation$xInformation resources management$zAlberta.
=710  2\$aUniversity of Alberta.$bDepartment of Recreation and Leisure Studies.
=900  \\$aML24835
=949  \\$zUAIN$zETHESIS

