=LDR  01141ntm  2200277I  4500
=001  uab09199561
=003  AEU
=005  20140319134934.0
=006  m|||||o||d||||||||
=007  cr||||||||||||
=008  140319s1984\\\\xx\adf\\obm\\\000\0\eng\d
=040  \\$aAEU$cAEU
=050  \4$aQA76.9.D5$bM64 1984
=090  \\$aInternet Access$bAEU
=100  1\$aMohamed, Ahmed S.$q(Ahmed Sameh),$d1957-
=245  12$aA proposed architecture for a 'mixed-flow' database machine$h[electronic resource] /$cby Ahmed S. Mohamed.
=260  \\$cc1984.
=300  \\$a1 online resource (xii, 153 p.) :$bill.
=500  \\$a"A thesis submitted to the Faculty of Graduate Studies and Research in partial fulfillment of the requirements for the Degree of Master of Science, Department of Computing Science."
=502  \\$aThesis (M. Sc.)--University of Alberta, 1984.
=504  \\$aIncludes bibliographical references.
=590  \\$aScanned copy defective: p. ix-x wanting.
=650  \0$aData flow computing.
=650  \0$aElectronic data processing$xDistributed processing.
=710  2\$aUniversity of Alberta.$bDepartment of Computing Science.
=900  \\$aML24836
=949  \\$zUAIN$zETHESIS

