=LDR  01167ntm  2200277I  4500
=001  uab09199625
=003  AEU
=005  20140319134934.0
=006  m|||||o||d||||||||
=007  cr||||||||||||
=008  140319s1984\\\\xx\\\\\\obm\\\000\0\eng\d
=040  \\$aAEU$cAEU
=050  \4$aPR3329.G9$bM87 1984
=090  \\$aInternet Access$bAEU
=100  1\$aMurray, Shannon,$d1961-
=245  14$aThe spiritual autobiographies of Bunyan and Wordsworth$h[electronic resource] /$cby Shannon Murray.
=260  \\$cc1984.
=300  \\$a1 online resource (v, 102 p.)
=500  \\$a"A thesis submitted to the Faculty of Graduate Studies and Research in partial fulfillment of the requirements for the Degree of Master of Arts, Department of English."
=502  \\$aThesis (M.A.)--University of Alberta, 1984.
=504  \\$aIncludes bibliographical references.
=600  10$aBunyan, John,$d1628-1688.$tGrace abounding to the chief of sinners$xCriticism and interpretation.
=600  10$aWordsworth, William,$d1770-1850.$tPrelude$xCriticism and interpretation.
=650  \0$aSpirituality in literature.
=710  2\$aUniversity of Alberta.$bDepartment of English.
=900  \\$aML24853
=949  \\$zUAIN$zETHESIS

