=LDR  01283ntm  2200301I  4500
=001  uab09199779
=003  AEU
=005  20140319134934.0
=006  m|||||o||d||||||||
=007  cr||||||||||||
=008  140319s1984\\\\xx\acf\\obm\\\000\0\eng\d
=040  \\$aAEU$cAEU
=043  \\$ae-uk---
=050  \4$aGV706.4$b.V45 1984
=090  \\$aInternet Access$bAEU
=100  1\$aVeitch, Colin R.$q(Colin Russell),$d1958-
=245  10$aSport and war in the British literature of the First World War, 1914-1918$h[electronic resource] /$cby Colin R. Veitch.
=260  \\$cc1984.
=300  \\$a1 online resource (ix, 178 p.) :$bill., ports.
=500  \\$a"A thesis submitted to the Faculty of Graduate Studies and Research in partial fulfillment of the requirements for the Degree of Master of Arts, Department of Physical Education and Sport Studies."
=502  \\$aThesis (M.A.)--University of Alberta, 1984.
=504  \\$aIncludes bibliographical references.
=590  \\$aScanned copy defective: p. 167-169 wanting.
=650  \0$aSports$zGreat Britain$xPsychological aspects.
=650  \0$aSports in literature.
=650  \0$aBritish literature$xHistory$yWorld War, 1914-1918.
=710  2\$aUniversity of Alberta.$bDepartment of Physical Education and Sport Studies.
=900  \\$aML24859
=949  \\$zUAIN$zETHESIS

