=LDR  01330ntm  2200301I  4500
=001  uab09199879
=003  AEU
=005  20140319134934.0
=006  m|||||o||d||||||||
=007  cr||||||||||||
=008  140319s1984\\\\xx\adf\\obm\\\000\0\eng\d
=040  \\$aAEU$cAEU
=050  \4$aQP517.C45$bF83 1984
=090  \\$aInternet Access$bAEU
=100  1\$aFuciarelli, Alfred F.,$d1960-
=245  13$aAn investigation of the radiation chemistry and the development of an immunochemical assay for 8,5'-cycloadenosine-5'-monophosphate$h[electronic resource] /$cby Alfred Frank Fuciarelli.
=260  \\$cc1984.
=300  \\$a1 online resource (xviii, 114 p.) :$bill.
=500  \\$a"A thesis submitted to the Faculty of Graduate Studies and Research in partial fulfillment of the requirements for the Degree of Master of Science in Experimental Radiology, Department of Radiology."
=500  \\$aVita.
=502  \\$aThesis (M. Sc.)--University of Alberta, 1984.
=504  \\$aIncludes bibliographical references.
=590  \\$aScanned copy imperfect and defective: weak or faded print, p. 103-104 wanting, p. 78-114 scanned in at beginning.
=650  \0$aSecond messengers (Biochemistry)
=650  \0$aRadiation chemistry.
=650  \0$aImmunochemistry.
=710  2\$aUniversity of Alberta.$bDepartment of Radiology.
=900  \\$aML24882
=949  \\$zUAIN$zETHESIS

