=LDR  01120ntm  2200289I  4500
=001  uab09199888
=003  AEU
=005  20140319134934.0
=006  m|||||o||d||||||||
=007  cr||||||||||||
=008  140319s1984\\\\xx\\\\\\obm\\\000\0\eng\d
=040  \\$aAEU$cAEU
=050  \4$aPR6019.O9$bZ562 1984
=090  \\$aInternet Access$bAEU
=100  1\$aCoates, Jocelyn Martha,$d1962-
=245  10$aTime and space in the later writings of James Joyce$h[electronic resource] /$cby Jocelyn Martha Coates.
=260  \\$cc1984.
=300  \\$a1 online resource (vi, 134 p.)
=500  \\$a"A thesis submitted to the Faculty of Graduate Studies and Research in partial fulfillment of the requirements for the Degree of Master of Arts, Department of English."
=502  \\$aThesis (M.A.)--University of Alberta, 1984.
=504  \\$aIncludes bibliographical references.
=590  \\$aScanned copy defective: p. 99 wanting.
=600  10$aJoyce, James,$d1882-1941$xThemes, motives.
=650  \0$aTime in literature.
=650  \0$aSpace in literature.
=710  2\$aUniversity of Alberta.$bDepartment of English.
=900  \\$aML24888
=949  \\$zUAIN$zETHESIS

