=LDR  01171ntm  2200289I  4500
=001  uab09199920
=003  AEU
=005  20140319134934.0
=006  m|||||o||d||||||||
=007  cr||||||||||||
=008  140319s1984\\\\xx\df\\\obm\\\000\0\eng\d
=040  \\$aAEU$cAEU
=043  \\$an-cn-ab
=050  \4$aSF203$b.A78 1984
=090  \\$aInternet Access$bAEU
=100  1\$aArthur, Ronald Lee,$d1958-
=245  10$aPlant community and forage preferences of cattle on native aspen parkland range$h[electronic resource] /$cby Ronald Lee Arthur.
=260  \\$cc1984.
=300  \\$a1 online resource (xxi, 192 p.) :$bill.
=500  \\$a"A thesis submitted to the Faculty of Graduate Studies and Research in partial fulfillment of the requirements for the Degree of Master of Science in Range Management, Department of Plant Science."
=502  \\$aThesis (M. Sc.)--University of Alberta, 1984.
=504  \\$aIncludes bibliographical references.
=650  \0$aCattle$xFood$zAlberta.
=650  \0$aAspen$xEffect of grazing on$zAlberta.
=650  \0$aGrasslands$xEffect of grazing on$zAlberta.
=710  2\$aUniversity of Alberta.$bDepartment of Plant Science.
=900  \\$aML24894
=949  \\$zUAIN$zETHESIS

