=LDR  01131ntm  2200289I  4500
=001  uab09199945
=003  AEU
=005  20140319134934.0
=006  m|||||o||d||||||||
=007  cr||||||||||||
=008  140319s1984\\\\xx\adf\\obm\\\000\0\eng\d
=040  \\$aAEU$cAEU
=050  \4$aTJ1058$b.W65 1984
=090  \\$aInternet Access$bAEU
=100  1\$aWolanski, Zbigniew,$d1945-
=245  10$aTransient response of low-tuned structures supporting rotating machinery$h[electronic resource] /$cby Zbigniew Wolanski.
=260  \\$cc1984.
=300  \\$a1 online resource (xiii, 159 p.) :$bill.
=500  \\$a"A thesis submitted to the Faculty of Graduate Studies and Research in partial fulfillment of the requirements for the Degree of Master of Science, Department of Mechanical Engineering."
=502  \\$aThesis (M. Sc.)--University of Alberta, 1984.
=504  \\$aIncludes bibliographical references.
=650  \0$aRotors$xDynamics.
=650  \0$aBalancing of machinery.
=650  \0$aStructural engineering.
=650  \0$aFoundations.
=710  2\$aUniversity of Alberta.$bDepartment of Mechanical Engineering.
=900  \\$aML24899
=949  \\$zUAIN$zETHESIS

