=LDR  01095ntm  2200277I  4500
=001  uab09199965
=003  AEU
=005  20140319134934.0
=006  m|||||o||d||||||||
=007  cr||||||||||||
=008  140319s1984\\\\xx\adf\\obm\\\000\0\eng\d
=040  \\$aAEU$cAEU
=050  \4$aQP185$b.F44 1984
=090  \\$aInternet Access$bAEU
=100  1\$aFeeley, Thomas Martin,$d1950-
=245  14$aThe human gallbladder$h[electronic resource] :$bmicroscopic and motility studies in normal and diseased /$cby Thomas Martin Feeley.
=260  \\$cc1984.
=300  \\$a1 online resource (xv, 203 p.) :$bill.
=500  \\$a"A thesis submitted to the Faculty of Graduate Studies and Research in partial fulfillment of the requirements for the Degree of Master of Science in Experimental Surgery, Department of Surgery."
=500  \\$aVita.
=502  \\$aThesis (M. Sc.)--University of Alberta, 1984.
=504  \\$aIncludes bibliographical references.
=650  \0$aGallbladder$xPhysiology.
=650  \0$aGallbladder$xDiseases.
=710  2\$aUniversity of Alberta.$bDepartment of Surgery.
=900  \\$aML24902
=949  \\$zUAIN$zETHESIS

