=LDR  01053ntm  2200265I  4500
=001  uab09200264
=003  AEU
=005  20140319134934.0
=006  m|||||o||d||||||||
=007  cr||||||||||||
=008  140319s1983\\\\xx\adf\\obm\\\000\0\eng\d
=040  \\$aAEU$cAEU
=050  \4$aQP572.S7$bG66 1983
=090  \\$aInternet Access$bAEU
=100  1\$aGonor, Saul E.$q(Saul Edmund),$d1955-
=245  10$aCharacterization of steroid receptors of the prostate$h[electronic resource] /$cby Saul E. Gonor.
=260  \\$cc1983.
=300  \\$a1 online resource (xii, 111 p.) :$bill.
=500  \\$a"A thesis submitted to the Faculty of Graduate Studies and Research in partial fulfillment of the requirements for the Degree of Master of Science in Experimental Surgery, Department of Surgery."
=502  \\$aThesis (M. Sc.)--University of Alberta, 1983.
=504  \\$aIncludes bibliographical references.
=650  \0$aSteroid hormones$xReceptors.
=650  \0$aProstate$xPhysiology.
=710  2\$aUniversity of Alberta.$bDepartment of Surgery.
=900  \\$aML26745
=949  \\$zUAIN$zETHESIS

