=LDR  01053ntm  2200277I  4500
=001  uab09200275
=003  AEU
=005  20140319134934.0
=006  m|||||o||d||||||||
=007  cr||||||||||||
=008  140319s1983\\\\xx\adf\\obm\\\000\0\eng\d
=040  \\$aAEU$cAEU
=050  \4$aQP135$b.J68 1983
=090  \\$aInternet Access$bAEU
=100  1\$aJourdan, Michael L.,$d1949-
=245  10$aEffects of fasting and aminophylline on norepinephrine-stimulated thermogenesis$h[electronic resource] /$cby Michael L. Jourdan.
=260  \\$cc1983.
=300  \\$a1 online resource (xi, 60 p.) :$bill.
=500  \\$a"A thesis submitted to the Faculty of Graduate Studies and Research in partial fulfillment of the requirements for the Degree of Master of Science, Department of Zoology."
=502  \\$aThesis (M. Sc.)--University of Alberta, 1983.
=504  \\$aIncludes bibliographical references.
=650  \0$aBody temperature.
=650  \0$aFasting.
=650  \0$aNoradrenaline.
=710  2\$aUniversity of Alberta.$bDepartment of Zoology.
=900  \\$aML26749
=949  \\$zUAIN$zETHESIS

