=LDR  01248ntm  2200277I  4500
=001  uab09200352
=003  AEU
=005  20140319134934.0
=006  m|||||o||d||||||||
=007  cr||||||||||||
=008  140319s1983\\\\xx\a\\\\obm\\\000\0\spa\d
=040  \\$aAEU$cAEU
=041  0\$aspa$beng
=050  \4$aPQ8498.12.R94$bP3734 1983
=090  \\$aInternet Access$bAEU
=100  1\$aHeiser, Sarah Lesley,$d1958-
=245  10$aEstructuras narrativas de Tantes veces Pedro, de Alfredo Bryce Echenique$h[electronic resource] /$cby Sarah Lesley Heiser.
=260  \\$cc1983.
=300  \\$a1 online resource (viii, 144 p.)
=500  \\$a"A thesis submitted to the Faculty of Graduate Studies and Research in partial fulfillment of the requirements for the Degree of Master of Arts in Hispanic Literatures, Department of Romance Languages."
=502  \\$aThesis (M.A.)--University of Alberta, 1983.
=504  \\$aIncludes bibliographical references.
=546  \\$aIn Spanish; summaries in English and Spanish.
=600  10$aBryce Echenique, Alfredo,$d1939-$tPasi{acute}on seg{acute}un San Pedro Balbuena que fue tantas veces Pedro, y que nunca pudo negar a nadie$xLiterary style.
=710  2\$aUniversity of Alberta.$bDepartment of Romance Languages.
=900  \\$aML26770
=949  \\$zUAIN$zETHESIS

