=LDR  01030ntm  2200265I  4500
=001  uab09200361
=003  AEU
=005  20140319134934.0
=006  m|||||o||d||||||||
=007  cr||||||||||||
=008  140319s1984\\\\xx\adf\\obm\\\000\0\eng\d
=040  \\$aAEU$cAEU
=050  \4$aSF395$b.H44 1984
=090  \\$aInternet Access$bAEU
=100  1\$aHee, John H.$q(John Herbert),$d1958-
=245  10$aPancreatic secretions in the growing pig$h[electronic resource] /$cby John H. Hee.
=260  \\$cc1984.
=300  \\$a1 online resource (xiv, 96 p.) :$bill.
=500  \\$a"A thesis submitted to the Faculty of Graduate Studies and Research in partial fulfillment of the requirements for the Degree of Master of Science in Animal Nutrition, Department of Animal Science."
=502  \\$aThesis (M. Sc.)--University of Alberta, 1984.
=504  \\$aIncludes bibliographical references.
=650  \0$aSwine$xGrowth.
=650  \0$aPancreas$xSecretions.
=710  2\$aUniversity of Alberta.$bDepartment of Animal Science.
=900  \\$aML26774
=949  \\$zUAIN$zETHESIS

