=LDR  01015ntm  2200253I  4500
=001  uab09200376
=003  AEU
=005  20140319134934.0
=006  m|||||o||d||||||||
=007  cr||||||||||||
=008  140319s1984\\\\xx\abdf\obm\\\000\0\eng\d
=040  \\$aAEU$cAEU
=050  \4$aQK495.V5$bF33 1984
=090  \\$aInternet Access$bAEU
=100  1\$aFabijan, D. M.$q(Dorothy Marie),$d1955-
=245  10$aSystematics of the Viola nuttallii complex$h[electronic resource] /$cby D.M. Fabijan.
=260  \\$cc1984.
=300  \\$a1 online resource (xi, 137 p.) :$bill., maps, geneal. table
=500  \\$a"A thesis submitted to the Faculty of Graduate Studies and Research in partial fulfillment of the requirements for the Degree of Master of Science in Plant Taxonomy, Department of Botany."
=502  \\$aThesis (M. Sc.)--University of Alberta, 1984.
=504  \\$aIncludes bibliographical references.
=650  \0$aViolaceae$vClassification.
=710  2\$aUniversity of Alberta.$bDepartment of Botany.
=900  \\$aML26778
=949  \\$zUAIN$zETHESIS

