=LDR  01197ntm  2200289I  4500
=001  uab09200394
=003  AEU
=005  20140319134934.0
=006  m|||||o||d||||||||
=007  cr||||||||||||
=008  140319s1984\\\\xx\abdf\obm\\\000\0\eng\d
=040  \\$aAEU$cAEU
=043  \\$af-ke---
=050  \4$aQL737.U57$bK37 1984
=090  \\$aInternet Access$bAEU
=100  1\$aKarstad, Elsen Lars,$d1956-
=245  14$aThe ecology of hippopotami (Hippopotamus amphibius) in southwestern Kenya$h[electronic resource] /$cby Elsen Lars Karstad.
=260  \\$cc1984.
=300  \\$a1 online resource (xiv, 168 p.) :$bill., maps
=500  \\$a"A thesis submitted to the Faculty of Graduate Studies and Research in partial fulfillment of the requirements for the Degree of Master of Science in Wildlife Productivity and Management, Department of Animal Science."
=502  \\$aThesis (M. Sc.)--University of Alberta, 1984.
=504  \\$aIncludes bibliographical references.
=590  \\$aScanned copy defective: p. 59 wanting.
=650  \0$aHippopotamus$xEcology$zKenya.
=650  \0$aAnimal population density$zKenya.
=710  2\$aUniversity of Alberta.$bDepartment of Animal Science.
=900  \\$aML26779
=949  \\$zUAIN$zETHESIS

