=LDR  01141ntm  2200289I  4500
=001  uab09200449
=003  AEU
=005  20140319134934.0
=006  m|||||o||d||||||||
=007  cr||||||||||||
=008  140319s1984\\\\xx\afg\\obm\\\000\0\eng\d
=040  \\$aAEU$cAEU
=050  \4$aML3849$b.J33 1984
=090  \\$aInternet Access$bAEU
=100  1\$aJacob, Elizabeth,$d1958-
=245  14$aThe musical possibilities of Chomsky's deep structure$h[electronic resource] :$ba search for parallel structures in music analysis /$cby Elizabeth Jacob.
=260  \\$cc1984.
=300  \\$a1 online resource (x, 160 p.) :$bill., music
=500  \\$a"A thesis submitted to the Faculty of Graduate Studies and Research in partial fulfillment of the requirements for the Degree of Master of Music in Music Theory, Department of Music."
=502  \\$aThesis (M. Mus.)--University of Alberta, 1984.
=504  \\$aIncludes bibliographical references.
=650  \0$aMusic and language.
=650  \0$aMusical analysis.
=600  10$aChomsky, Noam.
=650  \0$aGenerative grammar.
=710  2\$aUniversity of Alberta.$bDepartment of Music.
=900  \\$aML26796
=949  \\$zUAIN$zETHESIS

