=LDR  01067ntm  2200265I  4500
=001  uab09200488
=003  AEU
=005  20140319134934.0
=006  m|||||o||d||||||||
=007  cr||||||||||||
=008  140319s1983\\\\xx\\\\\\obm\\\000\0\eng\d
=040  \\$aAEU$cAEU
=050  \4$aPR9199.3.W3794$bZ932 1983
=090  \\$aInternet Access$bAEU
=100  1\$aWatt, Doreen Greeta,$d1953-
=245  10$aWilfred Watson's plays$h[electronic resource] :$bthe search for a new theatre form /$cby Doreen Greeta Watt.
=260  \\$cc1983.
=300  \\$a1 online resource (vii, 131 p.)
=500  \\$a"A thesis submitted to the Faculty of Graduate Studies and Research in partial fulfillment of the requirements for the Degree of Master of Arts, Department of Drama."
=502  \\$aThesis (M.A.)--University of Alberta, 1983.
=504  \\$aIncludes bibliographical references.
=600  10$aWatson, Wilfred,$d1911-1998$xCriticism and interpretation.
=650  \0$aCanadian drama$xHistory and criticism.
=710  2\$aUniversity of Alberta.$bDepartment of Drama.
=900  \\$aML26819
=949  \\$zUAIN$zETHESIS

