=LDR  01096ntm  2200253I  4500
=001  uab09200493
=003  AEU
=005  20140319134934.0
=006  m|||||o||d||||||||
=007  cr||||||||||||
=008  140319s1983\\\\xx\fg\\\obm\\\000\0\eng\d
=040  \\$aAEU$cAEU
=050  \4$aML50.S76$bR5837 1983
=090  \\$aInternet Access$bAEU
=100  1\$aSmolec, Elizabeth Helen,$d1954-
=245  10$aDramatic convention and musical style in Agostino Steffani's Le rivali concordi (1692)$h[electronic resource] /$cby Elizabeth Helen Smolec.
=260  \\$cc1983.
=300  \\$a1 online resource (ix, 268 p.) :$bmusic
=500  \\$a"A thesis submitted to the Faculty of Graduate Studies and Research in partial fulfillment of the requirements for the Degree of Master of Music in Musicology, Department of Music."
=502  \\$aThesis (M. Mus.)--University of Alberta, 1983.
=504  \\$aIncludes bibliographical references.
=600  10$aSteffani, Agostino,$d1654-1728.$tRivali concordi (1692)$xCriticism and interpretation.
=710  2\$aUniversity of Alberta.$bDepartment of Music.
=900  \\$aML26823
=949  \\$zUAIN$zETHESIS

