=LDR  01099ntm  2200277I  4500
=001  uab09200676
=003  AEU
=005  20140319134934.0
=006  m|||||o||d||||||||
=007  cr||||||||||||
=008  140319s1983\\\\xx\abdf\obm\\\000\0\eng\d
=040  \\$aAEU$cAEU
=043  \\$an-cn-sn
=050  \4$aQE535.2.C2$bM33 1983
=090  \\$aInternet Access$bAEU
=100  1\$aMacrides, Costas,$d1954-
=245  10$aInterpretation of seismic refraction profiles in southern Saskatchewan$h[electronic resource] /$cby Costas Macrides.
=260  \\$cc1983.
=300  \\$a1 online resource (ix, 133 p.) :$bill., maps
=500  \\$a"A thesis submitted to the Faculty of Graduate Studies and Research in partial fulfillment of the requirements for the Degree of Master of Science in Geophysics, Department of Physics."
=502  \\$aThesis (M. Sc.)--University of Alberta, 1983.
=504  \\$aIncludes bibliographical references.
=650  \0$aSeismic refraction method$xData processing.
=650  \0$aSeismology$zSaskatchewan.
=710  2\$aUniversity of Alberta.$bDepartment of Physics.
=900  \\$aML26848
=949  \\$zUAIN$zETHESIS

