=LDR  01202ntm  2200289I  4500
=001  uab09200681
=003  AEU
=005  20140319134934.0
=006  m|||||o||d||||||||
=007  cr||||||||||||
=008  140319s1983\\\\xx\abdf\obm\\\000\0\eng\d
=040  \\$aAEU$cAEU
=043  \\$an-cn-ab
=050  \4$aS627.R47$bW57 1983
=090  \\$aInternet Access$bAEU
=100  1\$aWishart, Donald,$d1954-
=245  10$aRevegetating a pipeline right-of-way on a montane grassland$h[electronic resource] /$cby Donald Wishart.
=260  \\$cc1983.
=300  \\$a1 online resource (xvi, 234 p.) :$bill., maps
=500  \\$a"A thesis submitted to the Faculty of Graduate Studies and Research in partial fulfillment of the requirements for the Degree of Master of Science, Department of Forest Science."
=502  \\$aThesis (M. Sc.)--University of Alberta, 1983.
=504  \\$aIncludes bibliographical references.
=650  \0$aRevegetation$zAlberta$zJasper National Park.
=650  \0$aUpland ecology$zAlberta$zJasper National Park.
=650  \0$aPipelines$xRight of way$xEnvironmental aspects$zAlberta$zJasper National Park.
=710  2\$aUniversity of Alberta.$bDepartment of Forest Science.
=900  \\$aML26849
=949  \\$zUAIN$zETHESIS

