=LDR  01020ntm  2200265I  4500
=001  uab09200696
=003  AEU
=005  20140319134934.0
=006  m|||||o||d||||||||
=007  cr||||||||||||
=008  140319s1983\\\\xx\adf\\obm\\\000\0\eng\d
=040  \\$aAEU$cAEU
=050  \4$aTA455.F55$bW37 1983
=090  \\$aInternet Access$bAEU
=100  1\$aWarren, Carl James,$d1957-
=245  14$aThe chemistry and mineralogy of artifically weathered fly ash$h[electronic resource] /$cby Carl James Warren.
=260  \\$cc1983.
=300  \\$a1 online resource (xx, 223 p.) :$bill.
=500  \\$a"A thesis submitted to the Faculty of Graduate Studies and Research in partial fulfillment of the requirements for the Degree of Master of Science, Department of Soil Science."
=502  \\$aThesis (M. Sc.)--University of Alberta, 1983.
=504  \\$aIncludes bibliographical references.
=650  \0$aFly ash$xAnalysis.
=650  \0$aMineralogy.
=710  2\$aUniversity of Alberta.$bDepartment of Soil Science.
=900  \\$aML26851
=949  \\$zUAIN$zETHESIS

