=LDR  00972ntm  2200253I  4500
=001  uab09200724
=003  AEU
=005  20140319134934.0
=006  m|||||o||d||||||||
=007  cr||||||||||||
=008  140319s1984\\\\xx\af\\\obm\\\000\0\eng\d
=040  \\$aAEU$cAEU
=050  \4$aQD433$b.L69 1984
=090  \\$aInternet Access$bAEU
=100  1\$aLow, Nicholas Hansen,$d1955-
=245  12$aA general 2',3'-unsaturation procedure for nucleosides$h[electronic resource] /$cby Nicholas Hansen Low.
=260  \\$cc1984.
=300  \\$a1 online resource (x, 90 p.) :$bill.
=500  \\$a"A thesis submitted to the Faculty of Graduate Studies and Research in partial fulfillment of the requirements for the Degree of Master of Science, Department of Chemistry."
=502  \\$aThesis (M. Sc.)--University of Alberta, 1984.
=504  \\$aIncludes bibliographical references.
=650  \0$aNucleosides.
=710  2\$aUniversity of Alberta.$bDepartment of Chemistry.
=900  \\$aML26858
=949  \\$zUAIN$zETHESIS

