=LDR  01146ntm  2200277I  4500
=001  uab09200733
=003  AEU
=005  20140319134934.0
=006  m|||||o||d||||||||
=007  cr||||||||||||
=008  140319s1984\\\\xx\adf\\obm\\\000\0\eng\d
=040  \\$aAEU$cAEU
=050  \4$aTN871$b.N68 1984
=090  \\$aInternet Access$bAEU
=100  1\$aNouar, Akli,$d1956-
=245  10$aParametric analysis on the slim-tube displacement tests$h[electronic resource] /$cby Akli Nouar.
=260  \\$cc1984.
=300  \\$a1 online resource (xiii, 116 p.) :$bill.
=500  \\$a"A thesis submitted to the Faculty of Graduate Studies and Research in partial fulfillment of the requirements for the Degree of Master of Science in Petroleum Engineering, Department of Mineral Engingeering."
=502  \\$aThesis (M. Sc.)--University of Alberta, 1984.
=504  \\$aIncludes bibliographical references.
=590  \\$aScanned copy imperfect: weak or faded print.
=650  \0$aMiscible displacement (Petroleum engineering)
=650  \0$aPetroleum pipelines$xTesting.
=710  2\$aUniversity of Alberta.$bDepartment of Mineral Engingeering.
=900  \\$aML26860
=949  \\$zUAIN$zETHESIS

