=LDR  01164ntm  2200277I  4500
=001  uab09200755
=003  AEU
=005  20140319134934.0
=006  m|||||o||d||||||||
=007  cr||||||||||||
=008  140319s1984\\\\xx\adf\\obm\\\000\0\eng\d
=040  \\$aAEU$cAEU
=050  \4$aQL568.S7$bM33 1984
=090  \\$aInternet Access$bAEU
=100  1\$aMcCorquodale, D. B.$q(David Bruce),$d1956-
=245  14$aThe provisioning flights of digger wasps (Hymenoptera: Sphecidae) as a defence against the nest parasite Senotainia trilineata (Diptera: Sarcophagidae)$h[electronic resource] /$cby D.B. McCorquodale.
=260  \\$cc1984.
=300  \\$a1 online resource (xi, 87 p.) :$bill.
=500  \\$a"A thesis submitted to the Faculty of Graduate Studies and Research in partial fulfillment of the requirements for the Degree of Master of Science, Department of Zoology."
=502  \\$aThesis (M. Sc.)--University of Alberta, 1984.
=504  \\$aIncludes bibliographical references.
=650  \0$aSphecidae$xFlight.
=650  \0$aSphecidae$xParasites$xControl.
=650  \0$aSarcophagidae.
=710  2\$aUniversity of Alberta.$bDepartment of Zoology.
=900  \\$aML26864
=949  \\$zUAIN$zETHESIS

