=LDR  01079ntm  2200265I  4500
=001  uab09200784
=003  AEU
=005  20140319134934.0
=006  m|||||o||d||||||||
=007  cr||||||||||||
=008  140319s1983\\\\xx\\\\\\obm\\\000\0\eng\d
=040  \\$aAEU$cAEU
=050  \4$aQK495.C9$bK37 1983
=090  \\$aInternet Access$bAEU
=100  1\$aKasa, Gaylerde Reuben,$d1952-
=245  10$aCrop growth analysis of rapeseed (Brassica napus L., summer-type, and B. campestris L., summer-type)$h[electronic resource] /$cby Gaylerde Reuben Kasa.
=260  \\$cc1983.
=300  \\$a1 online resource (xii, 136 p.)
=500  \\$a"A thesis submitted to the Faculty of Graduate Studies and Research in partial fulfillment of the requirements for the Degree of Master of Science in Plant Breeding, Department of Plant Science."
=502  \\$aThesis (M. Sc.)--University of Alberta, 1983.
=504  \\$aIncludes bibliographical references.
=650  \0$aRapeseed$xGrowth.
=650  \0$aCrops$xGrowth.
=710  2\$aUniversity of Alberta.$bDepartment of Plant Science.
=900  \\$aML26871
=949  \\$zUAIN$zETHESIS

