=LDR  00998ntm  2200265I  4500
=001  uab09200841
=003  AEU
=005  20140319134934.0
=006  m|||||o||d||||||||
=007  cr||||||||||||
=008  140319s1983\\\\xx\adf\\obm\\\000\0\eng\d
=040  \\$aAEU$cAEU
=050  \4$aQP613.C37$bC63 1983
=090  \\$aInternet Access$bAEU
=100  1\$aCocho, Jos{acute}e Luis,$d1955-
=245  10$aNew chemical models for carbonic anhydrase$h[electronic resource] /$cby Jos{acute}e Luis Cocho.
=260  \\$cc1983.
=300  \\$a1 online resource (xv, 99 p.) :$bill.
=500  \\$a"A thesis submitted to the Faculty of Graduate Studies and Research in partial fulfillment of the requirements for the Degree of Master of Science, Department of Chemistry."
=502  \\$aThesis (M. Sc.)--University of Alberta, 1983.
=504  \\$aIncludes bibliographical references.
=650  \0$aCarbonic anhydrase.
=650  \0$aChemical models.
=710  2\$aUniversity of Alberta.$bDepartment of Chemistry.
=900  \\$aML26886
=949  \\$zUAIN$zETHESIS

