=LDR  01182ntm  2200277I  4500
=001  uab09200847
=003  AEU
=005  20140319134934.0
=006  m|||||o||d||||||||
=007  cr||||||||||||
=008  140319s1983\\\\xx\adf\\obm\\\000\0\eng\d
=040  \\$aAEU$cAEU
=050  \4$aQL737.R666$bW35 1983
=090  \\$aInternet Access$bAEU
=100  1\$aWakaruk, Jeanette,$d1956-
=245  10$aUrinary and fecal excretion of gold by rats given sodium aurothiomalate$h[electronic resource] /$cby Jeanette Wakaruk.
=260  \\$cc1983.
=300  \\$a1 online resource (xv, 165 p.) :$bill.
=500  \\$a"A thesis submitted to the Faculty of Graduate Studies and Research in partial fulfillment of the requirements for the Degree of Master of Science in Pharmaceutical Sciences (Pharmacology), Faculty of Pharmacy and Pharmaceutical Sciences."
=500  \\$aIncludes "Curriculum Vitae."--P. [164].
=502  \\$aThesis (M. Sc.)--University of Alberta, 1983.
=504  \\$aIncludes bibliographical references.
=650  \0$aSprague Dawley rats$xFeces.
=650  \0$aGold$xIsotopes.
=710  2\$aUniversity of Alberta.$bFaculty of Pharmacy and Pharmaceutical Sciences.
=900  \\$aML26891
=949  \\$zUAIN$zETHESIS

