=LDR  01171ntm  2200289I  4500
=001  uab09200854
=003  AEU
=005  20140319134934.0
=006  m|||||o||d||||||||
=007  cr||||||||||||
=008  140319s1983\\\\xx\df\\\obm\\\000\0\eng\d
=040  \\$aAEU$cAEU
=050  \4$aQL638.C94$bM37 1983
=090  \\$aInternet Access$bAEU
=100  1\$aMarchant, Tracy A.$q(Tracy Anne),$d1959-
=245  10$aInfluences of environmental factors and reproductive activities on circulating levels of growth hormone in goldfish, Carassius auratus L.$h[electronic resource] /$cby Tracy A. Marchant.
=260  \\$cc1983.
=300  \\$a1 online resource (x, 70, [1] p.) :$bill.
=500  \\$a"A thesis submitted to the Faculty of Graduate Studies and Research in partial fulfillment of the requirements for the Degree of Master of Science, Department of Zoology."
=502  \\$aThesis (M. Sc.)--University of Alberta, 1983.
=504  \\$aIncludes bibliographical references.
=650  \0$aGoldfish.
=650  \0$aSomatotropin.
=650  \0$aGoldfish$xReproduction.
=650  \0$aGoldfish$xEcology.
=710  2\$aUniversity of Alberta.$bDepartment of Zoology.
=900  \\$aML26894
=949  \\$zUAIN$zETHESIS

