=LDR  01086ntm  2200277I  4500
=001  uab09200884
=003  AEU
=005  20140319134934.0
=006  m|||||o||d||||||||
=007  cr||||||||||||
=008  140319s1983\\\\xx\df\\\obm\\\000\0\eng\d
=040  \\$aAEU$cAEU
=050  \4$aS592.6.N5$bM66 1983
=090  \\$aInternet Access$bAEU
=100  1\$aMonreal, Marcia Amelia,$d1952-
=245  10$aDenitrification and its relation to soluble carbon$h[electronic resource] /$cby Marcia Amelia Monreal.
=260  \\$cc1983.
=300  \\$a1 online resource (xvi, 104 p.) :$bill.
=500  \\$a"A thesis submitted to the Faculty of Graduate Studies and Research in partial fulfillment of the requirements for the Degree of Master of Science in Soil Biochemistry, Department of Soil Science."
=502  \\$aThesis (M. Sc.)--University of Alberta, 1983.
=504  \\$aIncludes bibliographical references.
=650  \0$aDenitrification.
=650  \0$aCarbon$xSolubility.
=650  \0$aSoils$xNitrogen content.
=710  2\$aUniversity of Alberta.$bDepartment of Soil Science.
=900  \\$aML26910
=949  \\$zUAIN$zETHESIS

