=LDR  01154ntm  2200289I  4500
=001  uab09200892
=003  AEU
=005  20140319134934.0
=006  m|||||o||d||||||||
=007  cr||||||||||||
=008  140319s1983\\\\xx\\\\\\obm\\\000\0\eng\d
=040  \\$aAEU$cAEU
=050  \4$aPA3893.R4$bW83 1983
=090  \\$aInternet Access$bAEU
=100  1\$aWudel, Darcy.
=245  10$aAnger in Aristotle's Rhetoric$h[electronic resource] :$ban inquiry into politics and persuasion /$cby Darcy Edwin Wudel.
=260  \\$cc1983.
=300  \\$a1 online resource (viii, 109 p.)
=500  \\$a"A thesis submitted to the Faculty of Graduate Studies and Research in partial fulfillment of the requirements for the Degree of Master of Arts, Department of Political Science."
=502  \\$aThesis (M.A.)--University of Alberta, 1983.
=504  \\$aIncludes bibliographical references.
=600  00$aAristotle.$tRhetoric$xCriticism and interpretation.
=650  \0$aAnger in literature.
=650  \0$aPolitics in literature.
=650  \0$aPersuasion (Psychology) in literature.
=710  2\$aUniversity of Alberta.$bDepartment of Political Science.
=900  \\$aML26911
=949  \\$zUAIN$zETHESIS

