=LDR  01058ntm  2200277I  4500
=001  uab09200915
=003  AEU
=005  20140319134934.0
=006  m|||||o||d||||||||
=007  cr||||||||||||
=008  140319s1983\\\\xx\adf\\obm\\\000\0\eng\d
=040  \\$aAEU$cAEU
=050  \4$aQC794.6.C6$bM86 1983
=090  \\$aInternet Access$bAEU
=100  1\$aMu{tilde}noz, Rogelio,$d1953-
=245  10$aInelastic cross-sections for fast-electron collisions$h[electronic resource] /$cby Rogelio Mu{tilde}noz.
=260  \\$cc1983.
=300  \\$a1 online resource (x, 69 p.) :$bill.
=500  \\$a"A thesis submitted to the Faculty of Graduate Studies and Research in partial fulfillment of the requirements for the Degree of Master of Science, Department of Physics."
=502  \\$aThesis (M. Sc.)--University of Alberta, 1983.
=504  \\$aIncludes bibliographical references.
=650  \0$aCollisions (Nuclear physics)
=650  \0$aInelastic cross sections.
=650  \0$aElectrons$xScattering.
=710  2\$aUniversity of Alberta.$bDepartment of Physics.
=900  \\$aML26916
=949  \\$zUAIN$zETHESIS

