=LDR  01083ntm  2200277I  4500
=001  uab09200920
=003  AEU
=005  20140319134934.0
=006  m|||||o||d||||||||
=007  cr||||||||||||
=008  140319s1983\\\\xx\adef\obm\\\000\0\eng\d
=040  \\$aAEU$cAEU
=050  \4$aQC454.E4$bC44 1983
=090  \\$aInternet Access$bAEU
=100  1\$aCheng, Shang-Cong,$d1944-
=245  12$aA photodiode parallel-detection system for electron energy-loss spectrometry$h[electronic resource] /$cby Shang-Cong Cheng.
=260  \\$cc1983.
=300  \\$a1 online resource (x, 96 p.) :$bill., plans
=500  \\$a"A thesis submitted to the Faculty of Graduate Studies and Research in partial fulfillment of the requirements for the Degree of Master of Science, Department of Physics."
=502  \\$aThesis (M. Sc.)--University of Alberta, 1983.
=504  \\$aIncludes bibliographical references.
=650  \0$aElectron energy loss spectroscopy.
=650  \0$aPhotodiodes.
=650  \0$aDiodes, Semiconductor.
=710  2\$aUniversity of Alberta.$bDepartment of Physics.
=900  \\$aML26918
=949  \\$zUAIN$zETHESIS

