=LDR  01071ntm  2200277I  4500
=001  uab09200948
=003  AEU
=005  20140319134934.0
=006  m|||||o||d||||||||
=007  cr||||||||||||
=008  140319s1984\\\\xx\adf\\obm\\\000\0\eng\d
=040  \\$aAEU$cAEU
=050  \4$aQP364.7$b.W35 1984
=090  \\$aInternet Access$bAEU
=100  1\$aWalley, Masako,$d1947-
=245  10$aNeurotransmitters and ischemic neurological dysfunction in gerbils$h[electronic resource] /$cby Masako Walley.
=260  \\$cc1984.
=300  \\$a1 online resource (x, 77 p.) :$bill.
=500  \\$a"A thesis submitted to the Faculty of Graduate Studies and Research in partial fulfillment of the requirements for the Degree of Master of Science in Experimental Medicine, Department of Medicine."
=502  \\$aThesis (M. Sc.)--University of Alberta, 1984.
=504  \\$aIncludes bibliographical references.
=650  \0$aNeurotransmitters.
=650  \0$aIschemia$xAnimal models.
=650  \0$aClonidine.
=710  2\$aUniversity of Alberta.$bDepartment of Medicine.
=900  \\$aML26953
=949  \\$zUAIN$zETHESIS

