=LDR  01150ntm  2200289I  4500
=001  uab09201097
=003  AEU
=005  20140319134934.0
=006  m|||||o||d||||||||
=007  cr||||||||||||
=008  140319s1984\\\\xx\adf\\obm\\\000\0\eng\d
=040  \\$aAEU$cAEU
=050  \4$aQR201.M43$bW55 1984
=090  \\$aInternet Access$bAEU
=100  1\$aWiley, James A.,$d1957-
=245  10$aPurification of measles virus hemagglutinin for tryptic analysis by high performance liquid chromatography$h[electronic resource] /$cby James A. Wiley.
=260  \\$cc1984.
=300  \\$a1 online resource (xii, 87 p.) :$bill.
=500  \\$a"A thesis submitted to the Faculty of Graduate Studies and Research in partial fulfillment of the requirements for the Degree of Master of Science in Virology, Department of Medical Microbiology."
=502  \\$aThesis (M. Sc.)--University of Alberta, 1984.
=504  \\$aIncludes bibliographical references.
=650  \0$aMeasles virus.
=650  \0$aHemagglutinin.
=650  \0$aLiquid chromatography.
=650  \0$aTrypsin.
=710  2\$aUniversity of Alberta.$bDepartment of Medical Microbiology.
=900  \\$aML26954
=949  \\$zUAIN$zETHESIS

