=LDR  01153ntm  2200277I  4500
=001  uab09201114
=003  AEU
=005  20140319134934.0
=006  m|||||o||d||||||||
=007  cr||||||||||||
=008  140319s1984\\\\xx\adf\\obm\\\000\0\eng\d
=040  \\$aAEU$cAEU
=050  \4$aRC858.C95$bW44 1984
=090  \\$aInternet Access$bAEU
=100  1\$aWheatley, Barbara R.$q(Barbara Ruthann)
=245  10$aFamily functioning with cystic fibrosis$h[electronic resource] /$cby Barbara R. Wheatley.
=260  \\$cc1984.
=300  \\$a1 online resource (xii, 147 p.) :$bill.
=500  \\$a"A thesis submitted to the Faculty of Graduate Studies and Research in partial fulfillment of the requirements for the Degree of Master of Science in Family Studies, Faculty of Home Economics."
=502  \\$aThesis (M. Sc.)--University of Alberta, 1984.
=504  \\$aIncludes bibliographical references.
=650  \0$aCystic fibrosis$xPatients$xFamily relationships.
=650  \0$aCystic fibrosis$xPatients$xPsychological aspects.
=650  \0$aChronically ill$xFamily relationships.
=710  2\$aUniversity of Alberta.$bFaculty of Home Economics.
=900  \\$aML26974
=949  \\$zUAIN$zETHESIS

