=LDR  01106ntm  2200265I  4500
=001  uab09201120
=003  AEU
=005  20140319134934.0
=006  m|||||o||d||||||||
=007  cr||||||||||||
=008  140319s1984\\\\xx\adf\\obm\\\000\0\eng\d
=040  \\$aAEU$cAEU
=050  \4$aTA1695$b.S56 1984
=090  \\$aInternet Access$bAEU
=100  1\$aSinclair, R. L.$q(Robert Lawrence),$d1958-
=245  10$aRadio frequency excited CO[subscript 2] gas waveguide lasers$h[electronic resource] /$cby R.L. Sinclair.
=260  \\$cc1984.
=300  \\$a1 online resource (x, 76 p.) :$bill.
=500  \\$a"A thesis submitted to the Faculty of Graduate Studies and Research in partial fulfillment of the requirements for the Degree of Master of Science, The Department of Electrical Engineering."
=502  \\$aThesis (M. Sc.)--University of Alberta, 1984.
=504  \\$aIncludes bibliographical references.
=650  \0$aCarbon dioxide lasers$xDesign and construction.
=650  \0$aWave guides$xDesign and construction.
=710  2\$aUniversity of Alberta.$bDepartment of Electrical Engineering.
=900  \\$aML26977
=949  \\$zUAIN$zETHESIS

