=LDR  01232ntm  2200265I  4500
=001  uab09201128
=003  AEU
=005  20140319134934.0
=006  m|||||o||d||||||||
=007  cr||||||||||||
=008  140319s1984\\\\xx\\\\\\obm\\\000\0\eng\d
=040  \\$aAEU$cAEU
=050  \4$aPT2394.L3$bS6534 1984
=090  \\$aInternet Access$bAEU
=100  1\$aHumphries, Elaine Ann,$d1959-
=245  10$aJakob Michael Reinhold Lenz, Die Soldaten; Heinar Kipphardt, Die Soldaten nach Jakob Michael Reinhold Lenz, Bearbeitung$h[electronic resource] :$ba comparison /$cby Elaine Ann Humphries.
=260  \\$cc1984.
=300  \\$a1 online resource (ix, 153 p.)
=500  \\$a"A thesis submitted to the Faculty of Graduate Studies and Research in partial fulfillment of the requirements for the Degree of Master of Arts in German Literature, Department of Germanic Languages."
=502  \\$aThesis (M.A.)--University of Alberta, 1984.
=504  \\$aIncludes bibliographical references.
=600  10$aLenz, Jakob Michael Reinhold,$d1751-1792.$tSoldaten$xAdaptations.
=600  10$aKipphardt, Heinar,$d1922-1982.$tBearbeitung$xCriticism and interpretation.
=710  2\$aUniversity of Alberta.$bDepartment of Germanic Languages.
=900  \\$aML26980
=949  \\$zUAIN$zETHESIS

