=LDR  01168ntm  2200277I  4500
=001  uab09201525
=003  AEU
=005  20140319134934.0
=006  m|||||o||d||||||||
=007  cr||||||||||||
=008  140319s1983\\\\xx\adf\\obm\\\000\0\eng\d
=040  \\$aAEU$cAEU
=050  \4$aQL458.2.I9$bH37 1983
=090  \\$aInternet Access$bAEU
=100  1\$aHarris, Robert Arthur,$d1957-
=245  10$aControl of salivary gland degeneration in the ixodid tick Amolyomma hebraeum$h[electronic resource] /$cby Robert Arthur Harris.
=260  \\$cc1983.
=300  \\$a1 online resource (xiii, 92 + p.) :$bill.
=500  \\$a"A thesis submitted to the Faculty of Graduate Studies and Research in partial fulfillment of the requirements for the Degree of Master of Science, Department of Zoology."
=502  \\$aThesis (M. Sc.)--University of Alberta, 1983.
=504  \\$aIncludes bibliographical references.
=590  \\$aScanned copy defective and imperfect: 2 p. wanting between p. 65-76, p. 83-end wanting, weak or faded print.
=650  \0$aIxodidae$xPhysiology.
=650  \0$aSalivary glands.
=710  2\$aUniversity of Alberta.$bDepartment of Zoology.
=900  \\$aML27010
=949  \\$zUAIN$zETHESIS

