=LDR  01075ntm  2200277I  4500
=001  uab09201572
=003  AEU
=005  20140319134934.0
=006  m|||||o||d||||||||
=007  cr||||||||||||
=008  140319s1983\\\\xx\af\\\obm\\\000\0\eng\d
=040  \\$aAEU$cAEU
=050  \4$aQA76.6$b.T38 1983
=090  \\$aInternet Access$bAEU
=100  1\$aTaugher, James Edwin,$d1959-
=245  13$aAn efficient representation for time information$h[electronic resource] /$cby James Edwin Taugher.
=260  \\$cc1983.
=300  \\$a1 online resource (ix, 113 p.) :$bill.
=500  \\$a"A thesis submitted to the Faculty of Graduate Studies and Research in partial fulfillment of the requirements for the Degree of Master of Science, Department of Computer Science."
=502  \\$aThesis (M. Sc.)--University of Alberta, 1983.
=504  \\$aIncludes bibliographical references.
=590  \\$aScanned copy imperfect: weak or faded print.
=650  \0$aComputer programming.
=650  \0$aTime.
=710  2\$aUniversity of Alberta.$bDepartment of Computer Science.
=900  \\$aML27015
=949  \\$zUAIN$zETHESIS

