=LDR  01071ntm  2200277I  4500
=001  uab09201580
=003  AEU
=005  20140319134934.0
=006  m|||||o||d||||||||
=007  cr||||||||||||
=008  140319s1983\\\\xx\df\\\obm\\\000\0\eng\d
=040  \\$aAEU$cAEU
=050  \4$aQC20.7.P3$bV47 1983
=090  \\$aInternet Access$bAEU
=100  1\$aVerheijen, Antoine,$d1955-
=245  10$aEvaluation of diagonal Pade algorithms$h[electronic resource] /$cby Antoine Verheijen.
=260  \\$cc1983.
=300  \\$a1 online resource (vii, 107 p.) :$bill.
=500  \\$a"A thesis submitted to the Faculty of Graduate Studies and Research in partial fulfillment of the requirements for the Degree of Master of Science, Department of Computing Science."
=502  \\$aThesis (M. Sc.)--University of Alberta, 1983.
=504  \\$aIncludes bibliographical references.
=590  \\$aScanned copy imperfect: weak or faded print.
=650  \0$aPad{acute}e approximant.
=650  \0$aPower series.
=710  2\$aUniversity of Alberta.$bDepartment of Computing Science.
=900  \\$aML27017
=949  \\$zUAIN$zETHESIS

