=LDR  01124ntm  2200277I  4500
=001  uab09201589
=003  AEU
=005  20140319134934.0
=006  m|||||o||d||||||||
=007  cr||||||||||||
=008  140319s1983\\\\xx\adf\\obm\\\000\0\eng\d
=040  \\$aAEU$cAEU
=050  \4$aTJ1071$b.Y44 1983
=090  \\$aInternet Access$bAEU
=100  1\$aYegani, Nadir,$d1952-
=245  10$aExperimental analysis of the laminar flow characteristics of conical bearings$h[electronic resource] /$cby Nadir Yegani.
=260  \\$cc1983.
=300  \\$a1 online resource (xiii, 66, [1] p.) :$bill.
=500  \\$a"A thesis submitted to the Faculty of Graduate Studies and Research in partial fulfillment of the requirements for the Degree of Master of Science, Department of Mechanical Engineering."
=502  \\$aThesis (M. Sc.)--University of Alberta, 1983.
=504  \\$aIncludes bibliographical references.
=590  \\$aScanned copy defective: p. 42-43 wanting.
=650  \0$aRoller bearings$xFluid dynamics.
=650  \0$aLaminar flow.
=710  2\$aUniversity of Alberta.$bDepartment of Mechanical Engineering.
=900  \\$aML27020
=949  \\$zUAIN$zETHESIS

