=LDR  01240ntm  2200301I  4500
=001  uab09201547
=003  AEU
=005  20140319134934.0
=006  m|||||o||d||||||||
=007  cr||||||||||||
=008  140319s1983\\\\xx\abdf\obm\\\000\0\eng\d
=040  \\$aAEU$cAEU
=043  \\$an-cn-ab
=050  \4$aQE665$b.H43 1983
=090  \\$aInternet Access$bAEU
=100  1\$aHeald, Brian Darrel,$d1956-
=245  12$aA geotechnical investigation of the Devonian waterways formation at the SANDALTA lease$h[electronic resource] /$cby Brian Darrel Heald.
=260  \\$cc1983.
=300  \\$a1 online resource (xiv, 375 p.) :$bill., maps
=500  \\$a"A thesis submitted to the Faculty of Graduate Studies and Research in partial fulfillment of the requirements for the Degree of Master of Science in Civil Engineering, Department of Civil Engineering."
=502  \\$aThesis (M. Sc.)--University of Alberta, 1983.
=504  \\$aIncludes bibliographical references.
=590  \\$aScanned copy defective: p. 287 wanting.
=650  \0$aGeology, Stratigraphic$yDevonian.
=651  \0$aAthabasca tar sands (Alta.)
=650  \0$aConodonts$zAlberta$zAthabasca.
=710  2\$aUniversity of Alberta.$bDepartment of Civil Engineering.
=900  \\$aML27031
=949  \\$zUAIN$zETHESIS

