=LDR  01121ntm  2200289I  4500
=001  uab09201616
=003  AEU
=005  20140319134934.0
=006  m|||||o||d||||||||
=007  cr||||||||||||
=008  140319s1984\\\\xx\adf\\obm\\\000\0\eng\d
=040  \\$aAEU$cAEU
=050  \4$aBF575.D35$bB64 1984
=090  \\$aInternet Access$bAEU
=100  1\$aBoer, Douglas Peter,$d1956-
=245  14$aThe reinforcing efficacy of wheel running as a function of deprivation for food$h[electronic resource] /$cby Douglas Peter Boer.
=260  \\$cc1984.
=300  \\$a1 online resource (ix, 44 p.) ;$bill.
=500  \\$a"A thesis submitted to the Faculty of Graduate Studies and Research in partial fulfillment of the requirements for the Degree of Master of Science, Department of Psychology."
=502  \\$aThesis (M. Sc.)--University of Alberta, 1984.
=504  \\$aIncludes bibliographical references.
=650  \0$aDeprivation (Psychology)
=650  \0$aFood supply.
=650  \0$aMotivation (Psychology)
=650  \0$aBehavior modification.
=710  2\$aUniversity of Alberta.$bDepartment of Psychology.
=900  \\$aML27051
=949  \\$zUAIN$zETHESIS

