=LDR  01255ntm  2200313I  4500
=001  uab09201638
=003  AEU
=005  20140319134934.0
=006  m|||||o||d||||||||
=007  cr||||||||||||
=008  140319s1984\\\\xx\adf\\obm\\\000\0\eng\d
=040  \\$aAEU$cAEU
=050  \4$aQD116.P64$bA43 1984
=090  \\$aInternet Access$bAEU
=100  1\$aAmankwa, Lawrence,$d1954-
=245  10$aD P polarographic assay of minoxidil, zomepirac sodium and ketoprofen$h[electronic resource] /$cby Lawrence Amankwa.
=260  \\$cc1984.
=300  \\$a1 online resource (xx, 201 p.) :$bill.
=500  \\$a"A thesis submitted to the Faculty of Graduate Studies and Research in partial fulfillment of the requirements for the Degree of Master of Science in Pharmaceutical Sciences (Pharmaceutical Chemistry), Faculty of Pharmacy and Pharmaceutical Sciences."
=502  \\$aThesis (M. Sc.)--University of Alberta, 1984.
=504  \\$aIncludes bibliographical references.
=650  \0$aPolarography.
=650  \0$aMinoxidil.
=650  \0$aPropionic acid.
=650  \0$aAnti-inflammatory agents.
=650  \0$aAnalgesics.
=650  \0$aDrugs$xDosage forms.
=710  2\$aUniversity of Alberta.$bFaculty of Pharmacy and Pharmaceutical Sciences.
=900  \\$aML27052
=949  \\$zUAIN$zETHESIS

