=LDR  01074ntm  2200277I  4500
=001  uab09201666
=003  AEU
=005  20140319134934.0
=006  m|||||o||d||||||||
=007  cr||||||||||||
=008  140319s1984\\\\xx\af\\\obm\\\000\0\eng\d
=040  \\$aAEU$cAEU
=050  \4$aSB608.L6$bA45 1984
=090  \\$aInternet Access$bAEU
=100  1\$aAllen, Eric Andrew,$d1955-
=245  10$aInfection of juvenile lodgepole pine by Endocronartium harknessii$h[electronic resource] /$cby Eric Andrew Allen.
=260  \\$cc1984.
=300  \\$a1 online resource (xvi, 78 p.) ;$bill.
=500  \\$a"A thesis submitted to the Faculty of Graduate Studies and Research in partial fulfillment of the requirements for the Degree of Master of Science, Department of Forest Science."
=502  \\$aThesis (M. Sc.)--University of Alberta, 1984.
=504  \\$aIncludes bibliographical references.
=650  \0$aLodgepole pine$xDiseases and pests.
=650  \0$aTree rusts.
=650  \0$aRusts (Fungi)
=710  2\$aUniversity of Alberta.$bDepartment of Forest Science.
=900  \\$aML27053
=949  \\$zUAIN$zETHESIS

