=LDR  01173ntm  2200289I  4500
=001  uab09201696
=003  AEU
=005  20140319134934.0
=006  m|||||o||d||||||||
=007  cr||||||||||||
=008  140319s1984\\\\xx\\\\\\obm\\\000\0\eng\d
=040  \\$aAEU$cAEU
=050  \4$aRJ500$b.R38 1984
=090  \\$aInternet Access$bAEU
=100  1\$aRauch, Frances A.$q(Frances Ann),$d1951-
=245  12$aA vocational needs assessment of the emotionally disturbed adolescent$h[electronic resource] /$cby Frances A. Rauch.
=260  \\$cc1984.
=300  \\$a1 online resource (xiii, 175 p.)
=500  \\$a"A thesis submitted to the Faculty of Graduate Studies and Research in partial fulfillment of the requirements for the Degree Master of Education, Division of Community Development."
=502  \\$aThesis (M. Ed.)--University of Alberta, 1984.
=504  \\$aIncludes bibliographical references.
=650  \0$aMentally ill children$xNeeds assessment.
=650  \0$aChild mental health services$xVocational guidance.
=650  \0$aVocational education.
=650  \0$aAdolescence.
=710  2\$aUniversity of Alberta.$bDivision of Community Development.
=900  \\$aML27071
=949  \\$zUAIN$zETHESIS

