=LDR  01068ntm  2200277I  4500
=001  uab09201729
=003  AEU
=005  20140319134934.0
=006  m|||||o||d||||||||
=007  cr||||||||||||
=008  140319s1984\\\\xx\\bf\\obm\\\000\0\eng\d
=040  \\$aAEU$cAEU
=043  \\$an-cn---
=050  \4$aGB1399.5.C2$bT73 1984
=090  \\$aInternet Access$bAEU
=100  1\$aTravers, Geoffrey David,$d1955-
=245  12$aA classification of the factors which cause flooding in Western Canada$h[electronic resource] /$cby Geoffrey David Travers.
=260  \\$cc1984.
=300  \\$a1 online resource (xiv, 173 p.) :$bmaps
=500  \\$a"A thesis submitted to the Faculty of Graduate Studies and Research in partial fulfillment of the requirements for the Degree of Master of Arts, Department of Geography."
=502  \\$aThesis (M.A.)--University of Alberta, 1984.
=504  \\$aIncludes bibliographical references.
=650  \0$aFloods$zCanada, Western.
=650  \0$aFlood forecasting.
=710  2\$aUniversity of Alberta.$bDepartment of Geography.
=900  \\$aML27077
=949  \\$zUAIN$zETHESIS

