=LDR  01070ntm  2200277I  4500
=001  uab09202140
=003  AEU
=005  20140319134934.0
=006  m|||||o||d||||||||
=007  cr||||||||||||
=008  140319s1984\\\\xx\af\\\obm\\\000\0\eng\d
=040  \\$aAEU$cAEU
=050  \4$aQD474$b.D53 1984
=090  \\$aInternet Access$bAEU
=100  1\$aDickson, Raymond Stanley,$d1957-
=245  10$aStructural and reactivity studies on binuclear metal complexes$h[electronic resource] /$cby Raymond Stanley Dickson.
=260  \\$cc1984.
=300  \\$a1 online resource (xvii, 180 p.) :$bill.
=500  \\$a"A thesis submitted to the Faculty of Graduate Studies and Research in partial fulfillment of the requirements for the Degree of Master of Science, Department of Chemistry."
=502  \\$aThesis (M. Sc.)--University of Alberta, 1984.
=504  \\$aIncludes bibliographical references.
=650  \0$aMetal complexes.
=650  \0$aComplex compounds.
=650  \0$aLigands (Biochemistry)
=710  2\$aUniversity of Alberta.$bDepartment of Chemistry.
=900  \\$aML27080
=949  \\$zUAIN$zETHESIS

