=LDR  01172ntm  2200301I  4500
=001  uab09202172
=003  AEU
=005  20140319134934.0
=006  m|||||o||d||||||||
=007  cr||||||||||||
=008  140319s1987\\\\xx\adf\\obm\\\000\0\eng\d
=040  \\$aAEU$cAEU
=043  \\$af-ke---
=050  \4$aQK477$b.K56 1987
=090  \\$aInternet Access$bAEU
=100  1\$aKimondo, James M.$q(James Munga),$d1959-
=245  10$aIndividual tree volume and stand yield prediction for eucalypts in Kenya$h[electronic resource] /$cby James M. Kimondo.
=260  \\$cc1987.
=300  \\$a1 online resource (x, 83 p.) :$bill.
=500  \\$a"A thesis submitted to the Faculty of Graduate Studies and Research in partial fulfillment of the requirements for the Degree of Master of Science, Department of Forest Science."
=502  \\$aThesis (M. Sc.)--University of Alberta, 1987.
=504  \\$aIncludes bibliographical references.
=650  \0$aTrees$zKenya.
=650  \0$aTree crops$zKenya.
=650  \0$aForests and forestry$zKenya$xMathematical models.
=650  \0$aWoody plants$zKenya.
=710  2\$aUniversity of Alberta.$bDepartment of Forest Science.
=900  \\$aML40952
=949  \\$zUAIN$zETHESIS

