=LDR  01033ntm  2200277I  4500
=001  uab09202174
=003  AEU
=005  20140319134934.0
=006  m|||||o||d||||||||
=007  cr||||||||||||
=008  140319s1988\\\\xx\adf\\obm\\\000\0\eng\d
=040  \\$aAEU$cAEU
=050  \4$aQL696.A52$bG74 1988
=090  \\$aInternet Access$bAEU
=100  1\$aGr{acute}egoire, Gary.
=245  12$aA study of social dominance in Canada geese$h[electronic resource] /$cby Gary Gr{acute}egoire.
=260  \\$cc1988.
=300  \\$a1 online resource (x, 50 p.) :$bill.
=500  \\$a"A thesis submitted to the Faculty of Graduate Studies and Research in partial fulfillment of the requirements for the Degree of Master of Science, Department of Zoology."
=502  \\$aThesis (M. Sc.)--University of Alberta, 1988.
=504  \\$aIncludes bibliographical references.
=650  \0$aCanada goose.
=650  \0$aSocial hierarchy in animals.
=650  \0$aSocial behavior in animals.
=710  2\$aUniversity of Alberta.$bDepartment of Zoology.
=900  \\$aML42810
=949  \\$zUAIN$zETHESIS

