=LDR  01159ntm  2200301I  4500
=001  uab09202184
=003  AEU
=005  20140319134934.0
=006  m|||||o||d||||||||
=007  cr||||||||||||
=008  140319s1989\\\\xx\abf\\obm\\\000\0\eng\d
=040  \\$aAEU$cAEU
=043  \\$an-cn-ab
=050  \4$aQM115$b.S77 1989
=090  \\$aInternet Access$bAEU
=100  1\$aStratton, Sabine U. G.$q(Sabine Uta Gabriele)
=245  10$aForensic implications of acetabular morphological variation$h[electronic resource] /$cby Sabine U.G. Stratton.
=260  \\$cc1989.
=300  \\$a1 online resource (xiii, 114 p.) :$bill., map
=500  \\$a"A thesis submitted to the Faculty of Graduate Studies and Research in partial fulfillment of the requirements for the Degree of Master of Arts, Department of Anthropology."
=502  \\$aThesis (M.A.)--University of Alberta, 1989.
=504  \\$aIncludes bibliographical references.
=650  \0$aAcetabulum (Anatomy)
=650  \0$aPelvic bones.
=650  \0$aForensic anthropology.
=650  \0$aRailroad accidents$zAlberta$zHinton.
=710  2\$aUniversity of Alberta.$bDepartment of Anthropology.
=900  \\$aML55550
=949  \\$zUAIN$zETHESIS

