=LDR  01101ntm  2200277I  4500
=001  uab09201554
=003  AEU
=005  20140319134934.0
=006  m|||||o||d||||||||
=007  cr||||||||||||
=008  140319s1996\\\\xx\a\\\\obm\\\000\0\eng\d
=040  \\$aAEU$cAEU
=043  \\$ae-ur---
=050  \4$aDK266$b.H49 1996
=090  \\$aInternet Access$bAEU
=100  1\$aHeynen, Robert John.
=245  10$aSearching for the Soviets$h[electronic resource] :$bthe historical culture of the Stalin period /$cby Robert John Heynen.
=260  \\$cc1996.
=300  \\$a1 online resource (199 p.) :$bill.
=500  \\$a"A thesis submitted to the Faculty of Graduate Studies and Research in partial fulfilment of the requirements for the degree of Master of Arts in history, Department of History and Classics."
=502  \\$aThesis (M.A.)--University of Alberta, 1996.
=504  \\$aIncludes bibliographical references.
=651  \0$aSoviet Union$xHistory$y1917-1936.
=651  \0$aSoviet Union$xHistory$y1925-1953.
=710  2\$aUniversity of Alberta.$bDepartment of History and Classics.
=900  \\$aMM18158
=949  \\$zUAIN$zETHESIS

