=LDR  01211ntm  2200277I  4500
=001  uab09201561
=003  AEU
=005  20140319134934.0
=006  m|||||o||d||||||||
=007  cr||||||||||||
=008  140319s1996\\\\xx\\\\\\obm\\\000\0\eng\d
=040  \\$aAEU$cAEU
=050  \4$aRC662$b.B37 1996
=090  \\$aInternet Access$bAEU
=100  1\$aBasualdo, Carlota Grace.
=245  10$aNutritional status, with particular reference to vitamin A, of first nation adults with and without non-insulin dependent diabetes mellitus$h[electronic resource] /$cby Carlota Grace Basualdo.
=260  \\$cc1996.
=300  \\$a1 online resource (108 p.)
=500  \\$a"A thesis submitted to the Faculty of Graduate Studies and Research in partial fulfilment of the requirements for the degree of Master of Science in nutrition and metabolism, Department of Agricultural, Food and Nutritional Science."
=502  \\$aThesis (M. Sc.)--University of Alberta, 1996.
=504  \\$aIncludes bibliographical references.
=650  \0$aNutrition.
=650  \0$aVitamin A.
=650  \0$aDiabetes$xNutritional aspects.
=710  2\$aUniversity of Alberta.$bDepartment of Agricultural, Food and Nutritional Science.
=900  \\$aMM18233
=949  \\$zUAIN$zETHESIS

