=LDR  01030ntm  2200265I  4500
=001  uab09201804
=003  AEU
=005  20140319134934.0
=006  m|||||o||d||||||||
=007  cr||||||||||||
=008  140319s1990\\\\xx\ad\\\obm\\\000\0\eng\d
=040  \\$aAEU$cAEU
=043  \\$an-cn-ab
=050  \4$aG3500$b.S56 1990
=090  \\$aInternet Access$bAEU
=100  1\$aSkoye, K. Robert.
=245  10$aDigital analysis of low-relief topography in a Landsat snow-cover scene in South-Central Alberta$h[electronic resource] /$cby K. Robert Skoye.
=260  \\$cc1990.
=300  \\$a1 online resource (59 p.) :$bill.
=500  \\$a"A thesis submitted to the Faculty of Graduate Studies and Research in partial fulfilment of the requirements for the degree of Master of Science, Department of Geography."
=502  \\$aThesis (M. Sc.)--University of Alberta, 1990.
=504  \\$aIncludes bibliographical references.
=650  \0$aGeomorphology$zAlberta.
=710  2\$aUniversity of Alberta.$bDepartment of Geography.
=900  \\$aMM64970
=949  \\$zUAIN$zETHESIS

