=LDR  01107ntm  2200277I  4500
=001  uab09201826
=003  AEU
=005  20140319134934.0
=006  m|||||o||d||||||||
=007  cr||||||||||||
=008  140319s1998\\\\xx\ad\\\obm\\\000\0\eng\d
=040  \\$aAEU$cAEU
=050  \4$aS596$b.D69 1998
=090  \\$aInternet Access$bAEU
=100  1\$aDowey, Una.
=245  10$aCo-contaminant removal of mercury and hydrocarbons from soil using oxidative free radical reactions$h[electronic resource] /$cby Una Dowey.
=260  \\$cc1998.
=300  \\$a1 online resource (94 p.) :$bill.
=500  \\$a"A thesis submitted to the Faculty of Graduate Studies and Research in partial fulfilment of the requirements for the degree of Master of Science in Soil Science, Department of Renewable Resources."
=502  \\$aThesis (M. Sc.)--University of Alberta, 1998.
=504  \\$aIncludes bibliographical references.
=650  \0$aSoils$xEnvironmental aspects.
=650  \0$aMercury.
=650  \0$aHydrocarbons.
=710  2\$aUniversity of Alberta.$bDepartment of Department of Renewable Resources.
=900  \\$aMQ28932
=949  \\$zUAIN$zETHESIS

