=LDR  01139ntm  2200289I  4500
=001  uab09201830
=003  AEU
=005  20140319134934.0
=006  m|||||o||d||||||||
=007  cr||||||||||||
=008  140319s1998\\\\xx\a\\\\obm\\\000\0\eng\d
=040  \\$aAEU$cAEU
=050  \4$aQ327$b.J33 1998
=090  \\$aInternet Access$bAEU
=100  1\$aJachowicz, Pawel.
=245  10$aDescribing plan recognition as non-monotonic reasoning and belief revision$h[electronic resource] /$cby Pawel Jachowicz.
=260  \\$cc1998.
=300  \\$a1 online resource (59 p.) :$bill.
=500  \\$a"A thesis submitted to the Faculty of Graduate Studies and Research in partial fulfilment of the requirements for the degree of Master of Science, Department of Computing Science."
=502  \\$aThesis (M. Sc.)--University of Alberta, 1998.
=504  \\$aIncludes bibliographical references.
=504  \\$aIncludes bibliographical references.
=650  \0$aPattern perception.
=650  \0$aBelief change$xPlanning.
=650  \0$aNonmonotonic reasoning$xPlanning.
=710  2\$aUniversity of Alberta.$bDepartment of Computing Science.
=900  \\$aMQ28949
=949  \\$zUAIN$zETHESIS

