=LDR  01194ntm  2200265I  4500
=001  uab09201967
=003  AEU
=005  20140319134934.0
=006  m|||||o||d||||||||
=007  cr||||||||||||
=008  140319s1999\\\\xx\\\\\\obm\\\000\0\eng\d
=040  \\$aAEU$cAEU
=050  \4$aTK5103.7$b.B87 1999
=090  \\$aInternet Access$bAEU
=100  1\$aBurton, Carrol Duane.
=245  10$aOff the page, on the page, and into the cyberspace screen$h[electronic resource] :$bbringing together liminal states and the pedagogy of bricolage on virtualized landscapes /$cby Carrol Duane Burton.
=260  \\$cc1999.
=300  \\$a1 online resource (97 p.)
=500  \\$a"A thesis submitted to the Faculty of Graduate Studies and Research in partial fulfilment of the requirements for the degree of Master of Education in International/Intercultural Education, Department of Educational Policy Studies."
=502  \\$aThesis (M. Ed.)--University of Alberta, 1999.
=504  \\$aIncludes bibliographical references.
=650  \0$aDigital communications$xTechnological innovations.
=650  \0$aCyberspace.
=710  2\$aUniversity of Alberta.$bDepartment of Educational Policy Studies.
=900  \\$aMQ40134
=949  \\$zUAIN$zETHESIS

