=LDR  01006ntm  2200265I  4500
=001  uab09201973
=003  AEU
=005  20140319134934.0
=006  m|||||o||d||||||||
=007  cr||||||||||||
=008  140319s1999\\\\xx\a\\\\obm\\\000\0\eng\d
=040  \\$aAEU$cAEU
=050  \4$aSD397.P585$bP76 1999
=090  \\$aInternet Access$bAEU
=100  1\$aProtz, Clark G.
=245  12$aA mechanism for self-pruning in lodgepole pine$h[electronic resource] /$cby Clark G. Protz.
=260  \\$cc1999.
=300  \\$a1 online resource (55 p.) :$bill.
=500  \\$a"A thesis submitted to the Faculty of Graduate Studies and Research in partial fulfilment of the requirements for the degree of Master of Science, Department of Renewable Resources."
=502  \\$aThesis (M. Sc.)--University of Alberta, 1999.
=504  \\$aIncludes bibliographical references.
=650  \0$aLodgepole pine.
=650  \0$aRenewable resources.
=710  2\$aUniversity of Alberta.$bDepartment of Renewable Resources.
=900  \\$aMQ47083
=949  \\$zUAIN$zETHESIS

