=LDR  01049ntm  2200265I  4500
=001  uab09201976
=003  AEU
=005  20140319134934.0
=006  m|||||o||d||||||||
=007  cr||||||||||||
=008  140319s1999\\\\xx\ad\\\obm\\\000\0\eng\d
=040  \\$aAEU$cAEU
=050  \4$aTK145$b.R44 1999
=090  \\$aInternet Access$bAEU
=100  1\$aReeves, Timothy Blayne.
=245  10$aHybrid coaxial cavity dialectrometer$h[electronic resource] /$cby Timothy Blayne Reeves.
=260  \\$cc1999.
=300  \\$a1 online resource (171 p.) :$bill.
=500  \\$a"A thesis submitted to the Faculty of Graduate Studies and Research in partial fulfilment of the requirements for the degree of Master of Science, Department of Electrical and Computer Engineering."
=502  \\$aThesis (M. Sc.)--University of Alberta, 1999.
=504  \\$aIncludes bibliographical references.
=650  \0$aElectrical engineering.
=650  \0$aComputer engineering.
=710  2\$aUniversity of Alberta.$bDepartment of Electrical and Computer Engineering.
=900  \\$aMQ47087
=949  \\$zUAIN$zETHESIS

