=LDR  01018ntm  2200265I  4500
=001  uab09202063
=003  AEU
=005  20140319134934.0
=006  m|||||o||d||||||||
=007  cr||||||||||||
=008  140319s1982\\\\xx\ad\\\obm\\\000\0\eng\d
=040  \\$aAEU$cAEU
=050  \4$aQR88$b.F67 1982
=090  \\$aInternet Access$bAEU
=100  1\$aFoster, Brian Campbell.
=245  10$aMicrobial metabolism of aryl aliphatic amines$h[electronic resource] /$cby Brian Campbell Foster.
=260  \\$cc1982.
=300  \\$a1 online resource (xxvii, 226 p.) :$bill.
=500  \\$a"A thesis submitted to the Faculty of Graduate Studies and Research in partial fulfilment of the requirements for the degree of Doctor of Philosophy in Pharmaceutical Sciences (Drug metabolism)."
=502  \\$aThesis (Ph. D.)--University of Alberta, 1982.
=504  \\$aIncludes bibliographical references.
=650  \0$aMicrobial metabolism.
=650  \0$aAromatic amines.
=900  \\$aNK56816
=949  \\$zUAIN$zETHESIS
=987  \\$amissing$b710$dNo department specified.

