=LDR  01336ntm  2200313I  4500
=001  uab09201657
=003  AEU
=005  20140319134934.0
=006  m|||||o||d||||||||
=007  cr||||||||||||
=008  140319s1982\\\\xx\\\\\\obm\\\000\0\eng\d
=040  \\$aAEU$cAEU
=050  \4$aPN56.F34$bC43 1982
=090  \\$aInternet Access$bAEU
=100  1\$aChanady, Amaryll Beatrice,$d1954-
=245  10$aMagical realism and the fantastic$h[electronic resource] :$bresolved versus unresolved antinomy /$cby Amaryll Beatrice Chanady.
=260  \\$cc1982.
=300  \\$a1 online resource (vii, 210 p.)
=500  \\$a"A thesis submitted to the Faculty of Graduate Studies and Research in partial fulfillment of the requirements for the Degree of Doctor of Philosophy, Department of Comparative Literature."
=500  \\$aIncludes: "Curriculum Vitae"--p. 208.
=502  \\$aThesis (Ph. D.)--University of Alberta, 1982.
=504  \\$aIncludes bibliographical references.
=590  \\$aScanned copy imperfect and defective: p. 43 scanned in twice, weak or faded print.
=650  \0$aFantasy literature$xHistory and criticism.
=650  \0$aMagic realism (Literature)
=650  \0$aSupernatural in literature.
=650  \0$aAntinomy in literature.
=710  2\$aUniversity of Alberta.$bDepartment of Comparative Literature.
=900  \\$aNK56821
=949  \\$zUAIN$zETHESIS

