=LDR  01092ntm  2200265I  4500
=001  uab09201671
=003  AEU
=005  20140319134934.0
=006  m|||||o||d||||||||
=007  cr||||||||||||
=008  140319s1982\\\\xx\adf\\obm\\\000\0\eng\d
=040  \\$aAEU$cAEU
=050  \4$aQR82.P78$bF43 1982
=090  \\$aInternet Access$bAEU
=100  1\$aFecycz, Irene Tekla,$d1954-
=245  10$aLocalization and characterization of a cell-associated precursor to exocellular protease 1 of Pseudomonas aeruginosa$h[electronic resource] /$cby Irene Tekla Fecycz.
=260  \\$cc1982.
=300  \\$a1 online resource (1 v. (various pagings)) :$bill.
=500  \\$a"A thesis submitted to the Faculty of Graduate Studies and Research in partial fulfillment of the requirements for the Degree of Doctor of Philosophy, Microbiology."
=502  \\$aThesis (Ph. D.)--University of Alberta, 1982.
=504  \\$aIncludes bibliographical references.
=650  \0$aPseudomonas aeruginosa$xMicrobiology.
=650  \0$aProteolytic enzymes.
=900  \\$aNK56832
=949  \\$zUAIN$zETHESIS
=987  \\$amissing$b710$dNo department specified.

