=LDR  01156ntm  2200289I  4500
=001  uab09201687
=003  AEU
=005  20140319134934.0
=006  m|||||o||d||||||||
=007  cr||||||||||||
=008  140319s1982\\\\xx\abdf\obm\\\000\0\eng\d
=040  \\$aAEU$cAEU
=043  \\$an-us-ca
=050  \4$aQE535.2.U6$bL36 1982
=090  \\$aInternet Access$bAEU
=100  1\$aLamoreaux, Richard D.$q(Richard Dale),$d1951-
=245  10$aCluster patterns in seismicity$h[electronic resource] /$cby Richard D. Lamoreaux.
=260  \\$cc1982.
=300  \\$a1 online resource (xxi, 199 p.) :$bill., maps
=500  \\$a"A thesis submitted to the Faculty of Graduate Studies and Research in partial fulfillment of the requirements for the Degree of Doctor of Philosophy in Geophysics, Department of Physics."
=502  \\$aThesis (Ph. D.)--University of Alberta, 1982.
=504  \\$aIncludes bibliographical references.
=650  \0$aSeismology$zCalifornia, Southern.
=650  \0$aSeismic event location$zCalifornia, Southern.
=650  \0$aEarthquake swarms$zCalifornia, Southern.
=710  2\$aUniversity of Alberta.$bDepartment of Physics.
=900  \\$aNK56835
=949  \\$zUAIN$zETHESIS

