=LDR  01166ntm  2200289I  4500
=001  uab09201716
=003  AEU
=005  20140319134934.0
=006  m|||||o||d||||||||
=007  cr||||||||||||
=008  140319s1982\\\\xx\\\\\\obm\\\000\0\eng\d
=040  \\$aAEU$cAEU
=050  \4$aSF396.5$b.T43 1982
=090  \\$aInternet Access$bAEU
=100  1\$aThacker, Philip Alfred,$d1952-
=245  10$aEffects of dietary propionate on lipid metabolism in growing swine$h[electronic resource] /$cby Philip Alfred Thacker.
=260  \\$cc1982.
=300  \\$a1 online resource (xii, 112 p.)
=500  \\$a"A thesis submitted to the Faculty of Graduate Studies and Research in partial fulfillment of the requirements for the Degree of Doctor of Philosophy in Animal Nutrition, Animal Science."
=502  \\$aThesis (Ph. D.)--University of Alberta, 1982.
=504  \\$aIncludes bibliographical references.
=590  \\$aScanned copy imperfect: p. 85-86 also scanned in between p. 83 and 84, t.p. scanned in twice.
=650  \0$aSwine$xGrowth.
=650  \0$aLipids$xMetabolism.
=650  \0$aPropionates.
=900  \\$aNK56937
=949  \\$zUAIN$zETHESIS
=987  \\$amissing$b710$dNo department specified.

