=LDR  01074ntm  2200289I  4500
=001  uab09201727
=003  AEU
=005  20140319134934.0
=006  m|||||o||d||||||||
=007  cr||||||||||||
=008  140319s1982\\\\xx\df\\\obm\\\000\0\eng\d
=040  \\$aAEU$cAEU
=050  \4$aSF768.2.C3$bS77 1982
=090  \\$aInternet Access$bAEU
=100  1\$aStrath, Robert Adam,$d1951-
=245  10$aMetabolism and physiology of double muscled cattle$h[electronic resource] /$cby Robert A. Strath.
=260  \\$cc1982.
=300  \\$a1 online resource (xiii, 108 p.) :$bill.
=500  \\$a"A thesis submitted to the Faculty of Graduate Studies and Research in partial fulfillment of the requirements for the Degree of Doctor of Philosophy in Animal Physiology, Animal Science."
=502  \\$aThesis (Ph. D.)--University of Alberta, 1982.
=504  \\$aIncludes bibliographical references.
=650  \0$aCattle$xMetabolism.
=650  \0$aCattle$xPhysiology.
=650  \0$aMuscles.
=650  \0$aHyperplasia.
=900  \\$aNK56956
=949  \\$zUAIN$zETHESIS
=987  \\$amissing$b710$dNo department specified.


