=LDR  01286ntm  2200301I  4500
=001  uab09201744
=003  AEU
=005  20140319134934.0
=006  m|||||o||d||||||||
=007  cr||||||||||||
=008  140319s1982\\\\xx\acf\\obm\\\000\0\eng\d
=040  \\$aAEU$cAEU
=043  \\$ae-uk-en$an-us-ma
=050  \4$aGV706.8$b.W55 1982
=090  \\$aInternet Access$bAEU
=100  1\$aWilcox, Ralph C.$q(Ralph Cyril),$d1954-
=245  10$aSport in Bristol (U.K.), and Boston (U.S.A.)$h[electronic resource] :$ba cross-national comparison, 1870-1900 /$cby Ralph C. Wilcox.
=260  \\$cc1982.
=300  \\$a1 online resource (xiv, 1,163 p., xx leaves of plates) :$bill., ports.
=500  \\$a"A thesis submitted to the Faculty of Graduate Studies and Research in partial fulfillment of the requirements for the Degree of Doctor of Philosophy, Department of Physical Education."
=500  \\$aPart 2 has own t.p. and table of contents.
=502  \\$aThesis (Ph. D.)--University of Alberta, 1982.
=504  \\$aIncludes bibliographical references.
=650  \0$aSports$vCross-cultural studies.
=650  \0$aSports$zEngland$zBristol$xHistory.
=650  \0$aSports$zMassachusetts$zBoston$xHistory.
=710  2\$aUniversity of Alberta.$bDepartment of Physical Education.
=900  \\$aNK56960
=949  \\$zUAIN$zETHESIS

