=LDR  01258ntm  2200301I  4500
=001  uab09201753
=003  AEU
=005  20140319134934.0
=006  m|||||o||d||||||||
=007  cr||||||||||||
=008  140319s1982\\\\xx\\\\\\obm\\\000\0\spa\d
=040  \\$aAEU$cAEU
=041  0\$aspa$beng
=050  \4$aPQ7389.C2624$bZ574 1982
=090  \\$aInternet Access$bAEU
=100  1\$aDe Lertora, Patricia Rubio,$d1948-
=245  10$aVoz y modo narrativos en la cuentistica de Onelio Jorge Cardoso$h[electronic resource] /$cby Patricia Rubio de Lertora.
=260  \\$cc1982.
=300  \\$a1 online resource (viii, 299 p.)
=500  \\$a"A thesis submitted to the Faculty of Graduate Studies and Research in partial fulfillment of the requirements for the Degree of Doctor of Philosophy in Hispanic Literatures, Department of Romance Languages."
=502  \\$aThesis (Ph. D.)--University of Alberta, 1982.
=504  \\$aIncludes bibliographical references.
=546  \\$aIn Spanish; abstracts in English and Spanish.
=600  10$aCardoso, Onelio Jorge,$d1914-$tShort stories.
=600  10$aCardoso, Onelio Jorge,$d1914$xLiterary style.
=650  \0$aNarration (Rhetoric)
=710  2\$aUniversity of Alberta.$bDepartment of Romance Languages.
=900  \\$aNK56961
=949  \\$zUAIN$zETHESIS

