=LDR  01120ntm  2200277I  4500
=001  uab09201777
=003  AEU
=005  20140319134934.0
=006  m|||||o||d||||||||
=007  cr||||||||||||
=008  140319s1982\\\\xx\adef\obm\\\000\0\eng\d
=040  \\$aAEU$cAEU
=050  \4$aQP609.S63$bF57 1982
=090  \\$aInternet Access$bAEU
=100  1\$aFisher, Paul Douglas.
=245  14$aThe effects of low-level microwaves on Na[superscript +] and K[superscript +] movements in human erythrocytes$h[electronic resource] /$cby Paul Douglas Fisher.
=260  \\$cc1982.
=300  \\$a1 online resource (xiii, 124 p.) :$bill., plans
=500  \\$a"A thesis submitted to the Faculty of Graduate Studies and Research in partial fulfillment of the requirements for the Degree of Doctor of Philosophy, Department of Physiology."
=502  \\$aThesis (Ph. D.)--University of Alberta, 1982.
=504  \\$aIncludes bibliographical references.
=650  \0$aSodium/potassium ATPase.
=650  \0$aErythrocytes$xMovements.
=650  \0$aMicrowaves.
=710  2\$aUniversity of Alberta.$bDepartment of Physiology.
=900  \\$aNK60261
=949  \\$zUAIN$zETHESIS

