=LDR  01181ntm  2200277I  4500
=001  uab09201783
=003  AEU
=005  20140319134934.0
=006  m|||||o||d||||||||
=007  cr||||||||||||
=008  140319s1982\\\\xx\afj\\obm\\\000\0\eng\d
=040  \\$aAEU$cAEU
=050  \4$aQL596.S75$bA84 1982
=090  \\$aInternet Access$bAEU
=100  1\$aAshe, J. S.$q(James Stephen),$d1947-
=245  10$aGeneric revision of the subtribe Gyrophaenina (Coleoptera: Staphylinidae: Aleocharinae) with a review of described subgenera and major features of evolution$h[electronic resource] /$cby J.S. Ashe.
=260  \\$cc1982.
=300  \\$a1 online resource (xxx, 538 p.) :$bill., geneal. tables
=500  \\$a"A thesis submitted to the Faculty of Graduate Studies and Research in partial fulfillment of the requirements for the Degree of Doctor of Philosophy, Department of Entomology."
=500  \\$aVita.
=502  \\$aThesis (Ph. D.)--University of Alberta, 1982.
=504  \\$aIncludes bibliographical references.
=650  \0$aStaphylinidae$vClassification.
=650  \0$aStaphylinidae$xEvolution.
=710  2\$aUniversity of Alberta.$bDepartment of Entomology.
=900  \\$aNK60272
=949  \\$zUAIN$zETHESIS

