=LDR  01109ntm  2200277I  4500
=001  uab09201873
=003  AEU
=005  20140319134934.0
=006  m|||||o||d||||||||
=007  cr||||||||||||
=008  140319s1982\\\\xx\adf\\obm\\\000\0\eng\d
=040  \\$aAEU$cAEU
=050  \4$aQD502$b.K87 1982
=090  \\$aInternet Access$bAEU
=100  1\$aKupferschmidt, William Cletus Henry,$d1954-
=245  10$aKinetic studies on the reactions of chromium(II) with nitrile complexes of pentaamminecobalt(III)$h[electronic resource] /$cby William Cletus Henry Kupferschmidt.
=260  \\$cc1982.
=300  \\$a1 online resource (xvi, 286 p.) :$bill.
=500  \\$a"A thesis submitted to the Faculty of Graduate Studies and Research in partial fulfillment of the requirements for the Degree of Doctor of Philosophy, Department of Chemistry."
=502  \\$aThesis (Ph. D.)--University of Alberta, 1982.
=504  \\$aIncludes bibliographical references.
=650  \0$aChemical kinetics.
=650  \0$aNitriles.
=650  \0$aChromium.
=710  2\$aUniversity of Alberta.$bDepartment of Chemistry.
=900  \\$aNK60288
=949  \\$zUAIN$zETHESIS

