=LDR  01138ntm  2200277I  4500
=001  uab09201880
=003  AEU
=005  20140319134934.0
=006  m|||||o||d||||||||
=007  cr||||||||||||
=008  140319s1982\\\\xx\adf\\obm\\\000\0\eng\d
=040  \\$aAEU$cAEU
=050  \4$aRK361$b.G38 1982
=090  \\$aInternet Access$bAEU
=100  1\$aGates, Donald James.
=245  10$aIn vitro studies of collagen catabolism in progressive periodontal disease in beagle dogs$h[electronic resource] /$cby Donald James Gates.
=260  \\$cc1982.
=300  \\$a1 online resource (xii, 156 p., [4] leaves of plates) :$bill.
=500  \\$a"A thesis submitted to the Faculty of Graduate Studies and Research in partial fulfillment of the requirements for the Degree of Doctor of Philosophy in Experimental Surgery, Department of Surgery."
=502  \\$aThesis (Ph. D.)--University of Alberta, 1982.
=504  \\$aIncludes bibliographical references.
=650  \0$aCollagen$xMetabolism.
=650  \0$aPeriodontal disease.
=650  \0$aBeagle (Dog breed)$xDiseases.
=710  2\$aUniversity of Alberta.$bDepartment of Surgery.
=900  \\$aNK60302
=949  \\$zUAIN$zETHESIS

