=LDR  01144ntm  2200289I  4500
=001  uab09201950
=003  AEU
=005  20140319134934.0
=006  m|||||o||d||||||||
=007  cr||||||||||||
=008  140319s1983\\\\xx\af\\\obm\\\000\0\eng\d
=040  \\$aAEU$cAEU
=050  \4$aQK623.S23$bW45 1983
=090  \\$aInternet Access$bAEU
=100  1\$aWhiteway, Malcolm Stirling,$d1955-
=245  10$aSome aspects of mitotic recombination in haploid Saccharomyces cerevisiae$h[electronic resource] /$cby Malcolm Stirling Whiteway.
=260  \\$cc1983.
=300  \\$a1 online resource (x, 208, [2] p.) :$bill.
=500  \\$a"A thesis submitted to the Faculty of Graduate Studies and Research in partial fulfillment of the requirements for the Degree of Doctor of Philosophy, Department of Genetics."
=502  \\$aThesis (Ph. D.)--University of Alberta, 1983.
=504  \\$aIncludes bibliographical references.
=590  \\$aScanned copy defective: p. 2 cut off.
=650  \0$aSaccharomyces cerevisiae.
=650  \0$aMitosis.
=650  \0$aGenetic recombination.
=710  2\$aUniversity of Alberta.$bDepartment of Genetics.
=900  \\$aNK63843
=949  \\$zUAIN$zETHESIS

