=LDR  01198ntm  2200277I  4500
=001  uab09201952
=003  AEU
=005  20140319134934.0
=006  m|||||o||d||||||||
=007  cr||||||||||||
=008  140319s1983\\\\xx\adf\\obm\\\000\0\eng\d
=040  \\$aAEU$cAEU
=050  \4$aTL567.W5$bT66 1983
=090  \\$aInternet Access$bAEU
=100  1\$aToogood, Roger,$d1951-
=245  10$aBoundary fitted coordinate systems for estimation of single and multi-element airfoil force coefficients and application to wind tunnel corrections$h[electronic resource] /$cby Roger W. Toogood.
=260  \\$cc1983.
=300  \\$a1 online resource (xvi, 155 p.) :$bill.
=500  \\$a"A thesis submitted to the Faculty of Graduate Studies and Research in partial fulfillment of the requirements for the Degree of Doctor of Philosophy, Department of Mechancial Engineering."
=502  \\$aThesis (Ph. D.)--University of Alberta, 1983.
=504  \\$aIncludes bibliographical references.
=650  \0$aWind tunnel walls.
=650  \0$aAerofoils$xData processing.
=650  \0$aCurvilinear coordinates$xData processing.
=710  2\$aUniversity of Alberta.$bDepartment of Mechancial Engineering.
=900  \\$aNK63854
=949  \\$zUAIN$zETHESIS

