=LDR  01211ntm  2200289I  4500
=001  uab09201955
=003  AEU
=005  20140319134934.0
=006  m|||||o||d||||||||
=007  cr||||||||||||
=008  140319s1983\\\\xx\adf\\obm\\\000\0\eng\d
=040  \\$aAEU$cAEU
=050  \4$aQL831$b.F47 1983
=090  \\$aInternet Access$bAEU
=100  1\$aFerguson, Donald G.$q(Donald George),$d1947-
=245  14$aThe postnatal development of sarcolemmal invaginations and dyadic couplings in the right atrial myocardium of the rat$h[electronic resource] :$ba qualitative and quantitative study /$cby Donald G. Ferguson.
=260  \\$cc1983.
=300  \\$a1 online resource (xiv, 199 p.) :$bill.
=500  \\$a"A thesis submitted to the Faculty of Graduate Studies and Research in partial fulfillment of the requirements for the Degree of Doctor of Philosophy, Department of Anatomy."
=502  \\$aThesis (Ph. D.)--University of Alberta, 1983.
=504  \\$aIncludes bibliographical references.
=590  \\$aScanned copy imperfect: weak or faded print.
=650  \0$aSarcolemma.
=650  \0$aMyocardium.
=650  \0$aRats$xAnatomy.
=710  2\$aUniversity of Alberta.$bDepartment of Anatomy.
=900  \\$aNK63862
=949  \\$zUAIN$zETHESIS

