=LDR  01151ntm  2200277I  4500
=001  uab09202305
=003  AEU
=005  20140319134934.0
=006  m|||||o||d||||||||
=007  cr||||||||||||
=008  140319s1983\\\\xx\adf\\obm\\\000\0\eng\d
=040  \\$aAEU$cAEU
=050  \4$aTK2970$b.L84 1983
=090  \\$aInternet Access$bAEU
=100  1\$aLuft, Hans-Bernd,$d1943-
=245  10$aFilm-cooling applied to the insulator walls of an MHD generator channel$h[electronic resource] /$cby Hans-Bernd Luft.
=260  \\$cc1983.
=300  \\$a1 online resource (xix, 149 p.) :$bill.
=500  \\$a"A thesis submitted to the Faculty of Graduate Studies and Research in partial fulfillment of the requirements for the Degree of Doctor of Philosophy, Department of Mechanical Engineering."
=502  \\$aThesis (Ph. D.)--University of Alberta, 1983.
=504  \\$aIncludes bibliographical references.
=590  \\$aScanned copy imperfect: weak or faded print.
=650  \0$aMagnetohydrodynamic generators.
=650  \0$aMagnetohydrodynamic generators$xCooling.
=710  2\$aUniversity of Alberta.$bDepartment of Mechanical Engineering.
=900  \\$aNK63868
=949  \\$zUAIN$zETHESIS

