=LDR  01085ntm  2200265I  4500
=001  uab09202261
=003  AEU
=005  20140319134934.0
=006  m|||||o||d||||||||
=007  cr||||||||||||
=008  140319s1983\\\\xx\ad\\\obm\\\000\0\eng\d
=040  \\$aAEU$cAEU
=050  \4$aQK873$b.S93 1983
=090  \\$aInternet Access$bAEU
=100  1\$aSwanson, Robert H.$q(Robert Harold),$d1933-
=245  10$aNumerical and experimental analyses of implanted-probe heat pulse velocity theory$h[electronic resource] /$cby Robert H. Swanson.
=260  \\$cc1983.
=300  \\$a1 online resource (xxvi, 298 p.) :$bill.
=500  \\$a"A thesis submitted to the Faculty of Graduate Studies and Research in partial fulfillment of the requirements for the Degree of Doctor of Philosophy in Plant Physiology, Department of Botany."
=502  \\$aThesis (Ph. D.)--University of Alberta, 1983.
=504  \\$aIncludes bibliographical references.
=650  \0$aPlants$xTranspiration$xMeasurement.
=650  \0$aHeat pulses.
=710  2\$aUniversity of Alberta.$bDepartment of Botany.
=900  \\$aNK63936
=949  \\$zUAIN$zETHESIS

