=LDR  01080ntm  2200253I  4500
=001  uab09202393
=003  AEU
=005  20140319134934.0
=006  m|||||o||d||||||||
=007  cr||||||||||||
=008  140319s1983\\\\xx\ad\\\obm\\\000\0\eng\d
=040  \\$aAEU$cAEU
=050  \4$aQL757$b.P93 1983
=090  \\$aInternet Access$bAEU
=100  1\$aPybus, Margaret Jean.
=245  10$aParelaphostrongylus andersoni Prestwood 1972 and P. odocoilei (Hobmaeir and Hobmaier 1934) (Nematoda: Metastrongyloidea) in two cervid definitive hosts$h[electronic resource] /$cby Margaret Jean Pybus.
=260  \\$cc1983.
=300  \\$a1 online resource (xiv, 185 p.) :$bill.
=500  \\$a"A thesis submitted to the Faculty of Graduate Studies and Research in partial fulfillment of the requirements for the Degree of Doctor of Philosophy, Department of Zoology."
=502  \\$aThesis (Ph. D.)--University of Alberta, 1983.
=504  \\$aIncludes bibliographical references.
=650  \0$aHost-parasite relationships.
=710  2\$aUniversity of Alberta.$bDepartment of Zoology.
=900  \\$aNK63962
=949  \\$zUAIN$zETHESIS

