=LDR  01116ntm  2200265I  4500
=001  uab09202398
=003  AEU
=005  20140319134934.0
=006  m|||||o||d||||||||
=007  cr||||||||||||
=008  140319s1983\\\\xx\a\\\\obm\\\000\0\eng\d
=040  \\$aAEU$cAEU
=050  \4$aQL527.C49$bL44 1983
=090  \\$aInternet Access$bAEU
=100  1\$aLeggett, Frances Louise,$d1949-
=245  10$aMouthpart development in embryos of Macrosteles fascifrons St{ring}al (Hemiptera: Cicadellidae)$h[electronic resource] /$cby Frances Louise Leggett.
=260  \\$cc1983.
=300  \\$a1 online resource (xxii, 211 p.) :$bill.
=500  \\$a"A thesis submitted to the Faculty of Graduate Studies and Research in partial fulfillment of the requirements for the Degree of Doctor of Philosophy, Department of Entomology."
=502  \\$aThesis (Ph. D.)--University of Alberta, 1983.
=504  \\$aIncludes bibliographical references.
=590  \\$aP. xxii misnumbered as p. xviii ; p. 172 (Fig. 226) wanting.
=650  \0$aLeafhoppers$xDevelopment.
=710  2\$aUniversity of Alberta.$bDepartment of Entomology.
=900  \\$aNK63968
=949  \\$zUAIN$zETHESIS

