=LDR  01124ntm  2200277I  4500
=001  uab09202458
=003  AEU
=005  20140319134934.0
=006  m|||||o||d||||||||
=007  cr||||||||||||
=008  140319s1983\\\\xx\ad\\\obm\\\000\0\eng\d
=040  \\$aAEU$cAEU
=050  \4$aRC933$b.W47 1983
=090  \\$aInternet Access$bAEU
=100  1\$aWessel, Jean,$d1946-
=245  12$aA comparison of the effects of isometric and isokinetic training on muscle fibre size and strength in women with rheumatoid arthritis$h[electronic resource] /$cby Jean Wessel.
=260  \\$cc1983.
=300  \\$a1 online resource (xiv, 193 p.) :$bill.
=500  \\$a"A thesis submitted to the Faculty of Graduate Studies and Research in partial fulfillment of the requirements for the Degree of Doctor of Philosophy, Department of Physical Education."
=502  \\$aThesis (Ph. D.)--University of Alberta, 1983.
=504  \\$aIncludes bibliographical references.
=650  \0$aRheumatoid arthritis.
=650  \0$aWomen.
=650  \0$aMuscle strength.
=710  2\$aUniversity of Alberta.$bDepartment of Physical Education.
=900  \\$aNK63989
=949  \\$zUAIN$zETHESIS

