=LDR  01115ntm  2200265I  4500
=001  uab09202764
=003  AEU
=005  20140319134934.0
=006  m|||||o||d||||||||
=007  cr||||||||||||
=008  140319s1984\\\\xx\ad\\\obm\\\000\0\eng\d
=040  \\$aAEU$cAEU
=050  \4$aQC176$b.C43 1984
=090  \\$aInternet Access$bAEU
=100  1\$aChapman, David T.,$d1949-
=245  14$aThe influence of dynamic loads and process variables on the removal of suspended solids from the activated sludge system$h[electronic resource] /$cby David T. Chapman.
=260  \\$cc1984.
=300  \\$a1 online resource (xxi, 266 p.) :$bill.
=500  \\$a"A thesis submitted to the Faculty of Graduate Studies and Research in partial fulfillment of the requirements for the Degree of Doctor of Philosophy in Environmental Engineering, Department of Civil Engineering."
=502  \\$aThesis (Ph. D.)--University of Alberta, 1984.
=504  \\$aIncludes bibliographical references.
=650  \0$aSolids.
=650  \0$aSuspended sediments.
=710  2\$aUniversity of Alberta.$bDepartment of Civil Engineering.
=900  \\$aNK67265
=949  \\$zUAIN$zETHESIS

