=LDR  01109ntm  2200277I  4500
=001  uab09202783
=003  AEU
=005  20140319134934.0
=006  m|||||o||d||||||||
=007  cr||||||||||||
=008  140319s1984\\\\xx\ad\\\obm\\\000\0\eng\d
=040  \\$aAEU$cAEU
=050  \4$aQP321$b.S74 1984
=090  \\$aInternet Access$bAEU
=100  1\$aSteele, Joy A.$q(Joy Ann),$d1954-
=245  10$aMembrane electrophysiological properties of developing skeletal muscle cells$h[electronic resource] /$cby Joy A. Steele.
=260  \\$cc1984.
=300  \\$a1 online resource (xvii, 171 p.) :$bill.
=500  \\$a"A thesis submitted to the Faculty of Graduate Studies and Research in partial fulfillment of the requirements for the Degree of Doctor of Philosophy, Department of Physiology."
=502  \\$aThesis (Ph. D.)--University of Alberta, 1984.
=504  \\$aIncludes bibliographical references.
=650  \0$aMuscle cells$xGrowth.
=650  \0$aMembranes (Biology)$xElectric properties.
=650  \0$aMusculoskeletal system.
=710  2\$aUniversity of Alberta.$bDepartment of Physiology.
=900  \\$aNK67267
=949  \\$zUAIN$zETHESIS

