=LDR  01131ntm  2200277I  4500
=001  uab09202818
=003  AEU
=005  20140319134934.0
=006  m|||||o||d||||||||
=007  cr||||||||||||
=008  140319s1984\\\\xx\a\\\\obm\\\000\0\eng\d
=040  \\$aAEU$cAEU
=050  \4$aQA76.9.D3$bR36 1984
=090  \\$aInternet Access$bAEU
=100  1\$aRamarao, Karempudi V. S.$q(Karempudi Vijayasundara S.),$d1954-
=245  10$aResilient distributed database systems$h[electronic resource] /$cby Karempudi V.S. Ramarao.
=260  \\$cc1984.
=300  \\$a1 online resource (x, 152 p.) :$bill.
=500  \\$a"A thesis submitted to the Faculty of Graduate Studies and Research in partial fulfillment of the requirements for the Degree of Doctor of Philosophy, Department of Computing Science."
=502  \\$aThesis (Ph. D.)--University of Alberta, 1984.
=504  \\$aIncludes bibliographical references.
=590  \\$aScanned copy imperfect: p. 86-152 scanned twice (after p. 152).
=650  \0$aDatabase management.
=650  \0$aDatabases.
=710  2\$aUniversity of Alberta.$bDepartment of Computing Science.
=900  \\$aNK67273
=949  \\$zUAIN$zETHESIS

