=LDR  00969ntm  2200253I  4500
=001  uab09202829
=003  AEU
=005  20140319134934.0
=006  m|||||o||d||||||||
=007  cr||||||||||||
=008  140319s1984\\\\xx\ad\\\obm\\\000\0\eng\d
=040  \\$aAEU$cAEU
=050  \4$aHD69.T54$bP69 1984
=090  \\$aInternet Access$bAEU
=100  1\$aPowell, Russell A.$q(Russell Arnold),$d1950-
=245  10$aSchedule preferences in humans$h[electronic resource] /$cby Russell A. Powell.
=260  \\$cc1984.
=300  \\$a1 online resource (ix, 87 p.) :$bill.
=500  \\$a"A thesis submitted to the Faculty of Graduate Studies and Research in partial fulfillment of the requirements for the Degree of Doctor of Philosophy, Department of Psychology."
=502  \\$aThesis (Ph. D.)--University of Alberta, 1984.
=504  \\$aIncludes bibliographical references.
=650  \0$aScheduling.
=710  2\$aUniversity of Alberta.$bDepartment of Psychology.
=900  \\$aNK67275
=949  \\$zUAIN$zETHESIS

