=LDR  01025ntm  2200253I  4500
=001  uab09202909
=003  AEU
=005  20140319134934.0
=006  m|||||o||d||||||||
=007  cr||||||||||||
=008  140319s1984\\\\xx\\\\\\obm\\\000\0deng\d
=040  \\$aAEU$cAEU
=050  \4$aPR5267.P6$bM33 1984
=090  \\$aInternet Access$bAEU
=100  1\$aMcCormick, Sandra Ann,$d1952-
=245  10$aJohn Ruskin's social thought$h[electronic resource] :$bcontext, argument, and influence /$cby Sandra Ann McCormick.
=260  \\$cc1984.
=300  \\$a1 online resource (x, 284, [2] p.)
=500  \\$a"A thesis submitted to the Faculty of Graduate Studies and Research in partial fulfillment of the requirements for the Degree of Doctor of Philosophy, Department of English."
=502  \\$aThesis (Ph. D.)--University of Alberta, 1984.
=504  \\$aIncludes bibliographical references.
=600  10$aRuskin, John,$d1819-1900$xPolitical and social views.
=710  2\$aUniversity of Alberta.$bDepartment of English.
=900  \\$aNK67283
=949  \\$zUAIN$zETHESIS

