=LDR  01003ntm  2200265I  4500
=001  uab09202280
=003  AEU
=005  20140319134934.0
=006  m|||||o||d||||||||
=007  cr||||||||||||
=008  140319s1984\\\\xx\ad\\\obm\\\000\0\eng\d
=040  \\$aAEU$cAEU
=050  \4$aQR185.8.I56$bM55 1984
=090  \\$aInternet Access$bAEU
=100  1\$aMills, Gordon B.
=245  10$aInterleukin 2 in the in vitro generation and in vivo effectiveness of tumor specific T lymphocytes$h[electronic resource] /$cby Gordon B. Mills.
=260  \\$cc1984.
=300  \\$a1 online resource (xviii, 77 p.) :$bill.
=500  \\$a"A thesis submitted to the Faculty of Graduate Studies and Research in partial fulfilment of the requirements for the degree of Doctor of Philosophy."
=502  \\$aThesis (Ph. D.)--University of Alberta, 1986.
=504  \\$aIncludes bibliographical references.
=650  \0$aInterleukin-2.
=650  \0$aT cells.
=900  \\$aNK67287
=949  \\$zUAIN$zETHESIS
=987  \\$amissing$b710$dNo department specified.

