=LDR  01315ntm  2200289I  4500
=001  uab09202334
=003  AEU
=005  20140319134934.0
=006  m|||||o||d||||||||
=007  cr||||||||||||
=008  140319s1984\\\\xx\a\\\\obm\\\000\0\eng\d
=040  \\$aAEU$cAEU
=050  \4$aQD281.R5$bO67 1984
=090  \\$aInternet Access$bAEU
=100  1\$aOppong, Isaac Victor.
=245  10$aS,S'-diethyl dithiomalonate as an ethanol carbanion equivalent in Michael reactions$h[electronic resource] :$bCamphor to cedrol-- a chemical investigation /$cby Isaac Victor Oppong.
=246  3\$aS,S'-diethyl dithiomalonate as an ethanol carbanion equivalent in Michael reactions ; Camphor to cedrol-- a chemical investigation
=260  \\$cc1984.
=300  \\$a1 online resource (xx, 168 p.) :$bill.
=500  \\$a"A thesis submitted to the Faculty of Graduate Studies and Research in partial fulfilment of the requirements for the degree of Doctor of Philosophy in Chemistry, Department of Chemistry."
=502  \\$aThesis (Ph. D.)--University of Alberta, 1984.
=504  \\$aIncludes bibliographical references.
=650  \0$aDiels-Alder reaction.
=650  \0$aChemical reactions.
=710  2\$aUniversity of Alberta.$bDepartment of Chemistry.
=900  \\$aNK67292
=740  02$aCamphor to cedrol-- a chemical investigation.
=949  \\$zUAIN$zETHESIS

