=LDR  01118ntm  2200289I  4500
=001  uab09202336
=003  AEU
=005  20140319134934.0
=006  m|||||o||d||||||||
=007  cr||||||||||||
=008  140319s1984\\\\xx\abf\\obm\\\000\0\eng\d
=040  \\$aAEU$cAEU
=043  \\$an-cn-on$an-cn-qu
=050  \4$aGB1229.A25$bP65 1984
=090  \\$aInternet Access$bAEU
=100  1\$aPollock, John William.
=245  12$aA technological analysis of Lake Abitibi bifaces$h[electronic resource] /$cby John William Pollock.
=260  \\$cc1984.
=300  \\$a1 online resource (xxiii, 866 p., plates) :$bill., map
=500  \\$a"A thesis submitted to the Faculty of Graduate Studies and Research in partial fulfilment of the requirements for the degree of Doctor of Philosophy, Department of Anthropology."
=502  \\$aThesis (Ph. D.)--University of Alberta, 1984.
=504  \\$aIncludes bibliographical references.
=651  \0$aAbitibi, Lake (Ont. and Qu{acute}ebec)
=650  \0$aLakes$zQu{acute}ebec (Province)
=650  \0$aLakes$zOntario.
=710  2\$aUniversity of Alberta.$bDepartment of Anthropology.
=900  \\$aNK67296
=949  \\$zUAIN$zETHESIS

