=LDR  01093ntm  2200265I  4500
=001  uab09202345
=003  AEU
=005  20140319134934.0
=006  m|||||o||d||||||||
=007  cr||||||||||||
=008  140319s1984\\\\xx\ab\\\obm\\\000\0\fre\d
=040  \\$aAEU$cAEU
=043  \\$ae-it---
=050  \4$aDG70.S238$bR63 1984
=090  \\$aInternet Access$bAEU
=100  1\$aRoberto, Claude.
=245  10$aRecherche archeologique sur les sites autour de San Giovanni di Ruoti (Italie du Sud)$h[electronic resource] /$cby Claude Roberto.
=260  \\$cc1984.
=300  \\$a1 online resource (xxiv, 345 p.) :$bill., maps
=500  \\$a"A thesis submitted to the Faculty of Graduate Studies and Research in partial fulfilment of the requirements for the degree of Doctor of Philosophy in Classical Archaeology, Department of Classics."
=502  \\$aThesis (Ph. D.)--University of Alberta, 1984.
=504  \\$aIncludes bibliographical references.
=651  \0$aSan Giovanni di Ruoti Site (Italy)$xArchaeological sites.
=710  2\$aUniversity of Alberta.$bDepartment of Classics.
=900  \\$aNK67301
=949  \\$zUAIN$zETHESIS

