=LDR  01387ntm  2200301I  4500
=001  uab09202365
=003  AEU
=005  20140319134934.0
=006  m|||||o||d||||||||
=007  cr||||||||||||
=008  140319s1984\\\\xx\a\\\\obm\\\000\0\eng\d
=040  \\$aAEU$cAEU
=050  \4$aQC762.6.R44$bJ64 1984
=090  \\$aInternet Access$bAEU
=100  1\$aJohn, Boban Kuriakose.
=245  10$aDensity matrix simulation of two-dimensional and multiple-pulse NMR experiments$h[electronic resource] :$bNuclear relaxation study of hexamethylphosphoramide /$cby Boban Kuriakose John.
=246  3\$aDensity matrix simulation of two-dimensional and multiple-pulse NMR experiments ; Nuclear relaxation study of hexamethylphosphoramide
=260  \\$cc1984.
=300  \\$a1 online resource (xxi, 260 p.) :$bill.
=500  \\$a"A thesis submitted to the Faculty of Graduate Studies and Research in partial fulfilment of the requirements for the degree of Doctor of Philosophy, Department of Chemistry."
=502  \\$aThesis (Ph. D.)--University of Alberta, 1984.
=504  \\$aIncludes bibliographical references.
=650  \0$aNuclear magnetic resonance$xTechnique.
=650  \0$aDensity matrices.
=650  \0$aProduct formulas (Operator theory)
=710  2\$aUniversity of Alberta.$bDepartment of Chemistry.
=740  02$aNuclear relaxation study of hexamethylphosphoramide.
=900  \\$aNK67306
=949  \\$zUAIN$zETHESIS

