=LDR  01103ntm  2200265I  4500
=001  uab09202375
=003  AEU
=005  20140319134934.0
=006  m|||||o||d||||||||
=007  cr||||||||||||
=008  140319s1984\\\\xx\ad\\\obm\\\000\0\eng\d
=040  \\$aAEU$cAEU
=050  \4$aSF407.R38$bW55 1984
=090  \\$aInternet Access$bAEU
=100  1\$aWiles, David William.
=245  10$aProtein incorporation in rat heart muscle following acute sprint or endurance running$h[electronic resource] /$cby David William Wiles.
=260  \\$cc1984.
=300  \\$a1 online resource (xiii, 85 p.) :$bill.
=500  \\$a"A thesis submitted to the Faculty of Graduate Studies and Research in partial fulfilment of the requirements for the degree of Doctor of Philosophy, Department of Physical Education and Sports Studies."
=502  \\$aThesis (Ph. D.)--University of Alberta, 1984.
=504  \\$aIncludes bibliographical references.
=650  \0$aRats as laboratory animals.
=650  \0$aMyocardium.
=710  2\$aUniversity of Alberta.$bDepartment of Physical Education and Sports Studies.
=900  \\$aNK67308
=949  \\$zUAIN$zETHESIS

