=LDR  01069ntm  2200265I  4500
=001  uab09202401
=003  AEU
=005  20140319134934.0
=006  m|||||o||d||||||||
=007  cr||||||||||||
=008  140319s1984\\\\xx\\\\\\obm\\\000\0beng\d
=040  \\$aAEU$cAEU
=050  \4$aPT2640.Z8$bT36 1984
=090  \\$aInternet Access$bAEU
=100  1\$aTampi, Latha.
=245  10$aCharacter types in the works of Hermann Sudermann$h[electronic resource] /$cby Latha Tampi.
=260  \\$cc1984.
=300  \\$a1 online resource (x, 349 p.)
=500  \\$a"A thesis submitted to the Faculty of Graduate Studies and Research in partial fulfilment of the requirements for the degree of Doctor of Philosophy, Department of Physical Education in German literature, Department of Germanic Languages."
=502  \\$aThesis (Ph. D.)--University of Alberta, 1984.
=504  \\$aIncludes bibliographical references.
=650  \0$aGerman literature.
=600  10$aSudermann, Hermann,$d1857-1928.
=710  2\$aUniversity of Alberta.$bDepartment of Germanic Languages.
=900  \\$aNK67309
=949  \\$zUAIN$zETHESIS

