=LDR  01085ntm  2200265I  4500
=001  uab09202441
=003  AEU
=005  20140319134934.0
=006  m|||||o||d||||||||
=007  cr||||||||||||
=008  140319s1984\\\\xx\ad\\\obm\\\000\0\eng\d
=040  \\$aAEU$cAEU
=050  \4$aGV548.N38$bS97 1984
=090  \\$aInternet Access$bAEU
=100  1\$aSyrotuik, Daniel Gary.
=245  10$aResistive torque analysis of the nautilus leg extension machine$h[electronic resource] /$cby Daniel Gary Syrotuik.
=260  \\$cc1984.
=300  \\$a1 online resource (xii, 104 p.) :$bill.
=500  \\$a"A thesis submitted to the Faculty of Graduate Studies and Research in partial fulfilment of the requirements for the degree of Doctor of Philosophy, Department of Physical Education and Sport Studies."
=502  \\$aThesis (Ph. D.)--University of Alberta, 1984.
=504  \\$aIncludes bibliographical references.
=650  \0$aNautilus weight training equipment.
=650  \0$aTorque.
=710  2\$aUniversity of Alberta.$bDepartment of Physical Education and Sport Studies.
=900  \\$aNK67317
=949  \\$zUAIN$zETHESIS

