=LDR  01058ntm  2200265I  4500
=001  uab09202498
=003  AEU
=005  20140319134934.0
=006  m|||||o||d||||||||
=007  cr||||||||||||
=008  140319s1984\\\\xx\ad\\\obm\\\000\0ceng\d
=040  \\$aAEU$cAEU
=050  \4$aQC718.5.M36$bA58 1984
=090  \\$aInternet Access$bAEU
=100  1\$aAntoniuk, David Michael.
=245  12$aA magnetogasdynamic approach to laser discharge stabilization$h[electronic resource] /$cby David Michael Antoniuk.
=260  \\$cc1984.
=300  \\$a1 online resource (xxiv, 239 p.) :$bill.
=500  \\$a"A thesis submitted to the Faculty of Graduate Studies and Research in partial fulfilment of the requirements for the degree of Doctor of Philosophy, Department of Electrical Engineering."
=502  \\$aThesis (Ph. D.)--University of Alberta, 1984.
=504  \\$aIncludes bibliographical references.
=650  \0$aShock (Mechanics)
=650  \0$aMagnetohydrodynamics.
=710  2\$aUniversity of Alberta.$bDepartment of Electrical Engineering.
=900  \\$aNK67328
=949  \\$zUAIN$zETHESIS

