=LDR  01052ntm  2200277I  4500
=001  uab09202328
=003  AEU
=005  20140319134934.0
=006  m|||||o||d||||||||
=007  cr||||||||||||
=008  140319s1984\\\\xx\a\\\\obm\\\000\0\eng\d
=040  \\$aAEU$cAEU
=050  \4$aQC794.6.S3$bM33 1984
=090  \\$aInternet Access$bAEU
=100  1\$aMackie, Thomas Rockwell.
=245  12$aA study of charged particles and scattered photons in megavoltage x-ray beams$h[electronic resource].
=260  \\$cc1984.
=300  \\$a1 online resource (xxiv, 461 p.) :$bill.
=500  \\$a"A thesis submitted to the Faculty of Graduate Studies and Research in partial fulfillment of the requirements for the Degree of Doctor of Philsophy, Department of Physics."
=502  \\$aThesis (Ph. D.)--University of Alberta, 1984.
=504  \\$aIncludes bibliographical references.
=650  \0$aPhotons$xScattering.
=650  \0$aScattering (Physics)
=650  \0$aX-rays$xScattering.
=710  2\$aUniversity of Alberta.$bDepartment of Physics.
=900  \\$aNK67354
=949  \\$zUAIN$zETHESIS

