=LDR  01109ntm  2200289I  4500
=001  uab09202338
=003  AEU
=005  20140319134934.0
=006  m|||||o||d||||||||
=007  cr||||||||||||
=008  140319s1984\\\\xx\ad\\\obm\\\000\0\eng\d
=040  \\$aAEU$cAEU
=043  \\$an-cn---
=050  \4$aQK495.G74$b.P48 1984
=090  \\$aInternet Access$bAEU
=100  1\$aPeter, Nosko.
=245  12$aA comparative study of plant adaptations of Alopecurus alpinus in the Canadian high arctic$h[electronic resource] /$cby Peter Nosko.
=260  \\$cc1984.
=300  \\$a1 online resource (xxiv, 317 p.) :$bill.
=500  \\$a"A thesis submitted to the Faculty of Graduate Studies and Research in partial fulfillment of the requirements for the Degree of Doctor of Philosophy in Plant Ecology, Department of Botany."
=502  \\$aThesis (Ph. D.)--University of Alberta, 1984.
=504  \\$aIncludes bibliographical references.
=650  \0$aBotany.
=650  \0$aBotany$xArctic regions.
=650  \0$aFoxtail$zCanada, Northern.
=710  2\$aUniversity of Alberta.$bDepartment of Botany.
=900  \\$aNK67355
=949  \\$zUAIN$zETHESIS

