=LDR  01090ntm  2200277I  4500
=001  uab09202358
=003  AEU
=005  20140319134934.0
=006  m|||||o||d||||||||
=007  cr||||||||||||
=008  140319s1984\\\\xx\ad\\\obm\\\000\0\eng\d
=040  \\$aAEU$cAEU
=050  \4$aQC787.L5$bS86 1984
=090  \\$aInternet Access$bAEU
=100  1\$aSumbar, Edmund.
=245  10$aDesign and performance of a 280 kV ion accelerator$h[electronic resource] /$cby Edmund Sumbar.
=260  \\$cc1984.
=300  \\$a1 online resource (xi, 101 p.) :$bill.
=500  \\$a"A thesis submitted to the Faculty of Graduate Studies and Research in partial fulfillment of the requirements for the Degree of Doctor of Philosophy, Department of Electrical Engineering."
=502  \\$aThesis (Ph. D.)--University of Alberta, 1984.
=504  \\$aIncludes bibliographical references.
=650  \0$aIon accelerators.
=650  \0$aParticle accelerators.
=650  \0$aParticle accelerators$xDesign and construction.
=710  2\$aUniversity of Alberta.$bDepartment of Electrical Engineering.
=900  \\$aNK67358
=949  \\$zUAIN$zETHESIS

