=LDR  01007ntm  2200253I  4500
=001  uab09202369
=003  AEU
=005  20140319134934.0
=006  m|||||o||d||||||||
=007  cr||||||||||||
=008  140319s1984\\\\xx\ad\\\obm\\\000\0\eng\d
=040  \\$aAEU$cAEU
=050  \4$aQC176.8.E4$bF56 1984
=090  \\$aInternet Access$bAEU
=100  1\$aFloriano, Michele Antonio.
=245  10$aElectron and ion transport in symmetrical and unsymmetrical methanes$h[electronic resource] /$cby Michele Antonio Floriano.
=260  \\$cc1984.
=300  \\$a1 online resource (xxxi, 420 p.) :$bill.
=500  \\$a"A thesis submitted to the Faculty of Graduate Studies and Research in partial fulfillment of the requirements for the Degree of Doctor of Philosophy, Department of Chemistry."
=502  \\$aThesis (Ph. D.)--University of Alberta, 1984.
=504  \\$aIncludes bibliographical references.
=650  \0$aElectron transport.
=710  2\$aUniversity of Alberta.$bDepartment of Chemistry.
=900  \\$aNK67361
=949  \\$zUAIN$zETHESIS


