=LDR  01017ntm  2200265I  4500
=001  uab09202431
=003  AEU
=005  20140319134934.0
=006  m|||||o||d||||||||
=007  cr||||||||||||
=008  140319s1984\\\\xx\\\\\\obm\\\000\0\eng\d
=040  \\$aAEU$cAEU
=050  \4$aHQ799.9.C53$bI56 1984
=090  \\$aInternet Access$bAEU
=100  1\$aInnes, Max.
=245  10$aAnticipating the world of work$h[electronic resource] :$bclass variation in young people's perspectives /$cby Max Innes.
=260  \\$cc1984.
=300  \\$a1 online resource (xxv, 280 p.)
=500  \\$a"A thesis submitted to the Faculty of Graduate Studies and Research in partial fulfillment of the requirements for the Degree of Doctor of Philosophy, Department of Sociology."
=502  \\$aThesis (Ph. D.)--University of Alberta, 1984.
=504  \\$aIncludes bibliographical references.
=650  \0$aYoung adults.
=650  \0$aSocial classes$xResearch.
=710  2\$aUniversity of Alberta.$bDepartment of Sociology.
=900  \\$aNK67369
=949  \\$zUAIN$zETHESIS

