=LDR  01050ntm  2200265I  4500
=001  uab09202466
=003  AEU
=005  20140319134934.0
=006  m|||||o||d||||||||
=007  cr||||||||||||
=008  140319s1984\\\\xx\a\\\\obm\\\000\0\eng\d
=040  \\$aAEU$cAEU
=050  \4$aQD31.2$b.S88 1984
=090  \\$aInternet Access$bAEU
=100  1\$aSutherland, Bruce Robert,$d1959-
=245  10$aBinuclear DPM-bridged complexes of iridium$h[electronic resource] :$bstructure, reactivity and models for catalysis /$cby Bruce Robert Sutherland.
=260  \\$cc1984.
=300  \\$a1 online resource (xviii, 253 p.) :$bill.
=500  \\$a"A thesis submitted to the Faculty of Graduate Studies and Research in partial fulfillment of the requirements for the Degree of Doctor of Philosophy, Department of Chemistry."
=502  \\$aThesis (Ph. D.)--University of Alberta, 1984.
=504  \\$aIncludes bibliographical references.
=650  \0$aChemistry.
=650  \0$aIridium.
=710  2\$aUniversity of Alberta.$bDepartment of Chemistry.
=900  \\$aNK67376
=949  \\$zUAIN$zETHESIS

