=LDR  00999ntm  2200253I  4500
=001  uab09202483
=003  AEU
=005  20140319134934.0
=006  m|||||o||d||||||||
=007  cr||||||||||||
=008  140319s1984\\\\xx\\\\\\obm\\\000\0\eng\d
=040  \\$aAEU$cAEU
=050  \4$aBF575.A5$bJ64 1984
=090  \\$aInternet Access$bAEU
=100  1\$aJohnson, Thomas E.,$d1948-
=245  10$aEffects of mitigating circumstance information and social censure on anger and retaliation$h[electronic resource] /$cby Thomas E. Johnson.
=260  \\$cc1984.
=300  \\$a1 online resource (ix, 113 p.)
=500  \\$a"A thesis submitted to the Faculty of Graduate Studies and Research in partial fulfillment of the requirements for the Degree of Doctor of Philosophy, Department of Psychology."
=502  \\$aThesis (Ph. D.)--University of Alberta, 1984.
=504  \\$aIncludes bibliographical references.
=650  \0$aAnger.
=710  2\$aUniversity of Alberta.$bDepartment of Psychology.
=900  \\$aNK67381
=949  \\$zUAIN$zETHESIS

