=LDR  01038ntm  2200265I  4500
=001  uab09202491
=003  AEU
=005  20140319134934.0
=006  m|||||o||d||||||||
=007  cr||||||||||||
=008  140319s1984\\\\xx\a\\\\obm\\\000\0\eng\d
=040  \\$aAEU$cAEU
=050  \4$aBF723.E6$bS36 1984
=090  \\$aInternet Access$bAEU
=100  1\$aSchokman-Gates, Kar-La{acute},$d1951-
=245  14$aThe pre-adolescent mood scale$h[electronic resource] :$bdevelopment and validation /$cby Kar-La' Schokman-Gates.
=260  \\$cc1984.
=300  \\$a1 online resource (xxv, 397 p.) :$bill.
=500  \\$a"A thesis submitted to the Faculty of Graduate Studies and Research in partial fulfillment of the requirements for the Degree of Doctor of Philosophy in Psychology, Department of Psychology."
=502  \\$aThesis (Ph. D.)--University of Alberta, 1984.
=504  \\$aIncludes bibliographical references.
=650  \0$aPreteens.
=650  \0$aMood (Psychology)
=710  2\$aUniversity of Alberta.$bDepartment of Psychology.
=900  \\$aNK67385
=949  \\$zUAIN$zETHESIS

