=LDR  01114ntm  2200289I  4500
=001  uab09203483
=003  AEU
=005  20140319134934.0
=006  m|||||o||d||||||||
=007  cr||||||||||||
=008  140319s1984\\\\xx\ad\\\obm\\\000\0\eng\d
=040  \\$aAEU$cAEU
=050  \4$aRC734.R3$bE45 1984
=090  \\$aInternet Access$bAEU
=100  1\$aEl-Khatib, Ellen Elisabeth Grein.
=245  10$aDetection and prevention of lung damage in large field irradiation with x-rays$h[electronic resource] /$cby Ellen Elisabeth Grein El-Khatib.
=260  \\$cc1984.
=300  \\$a1 online resource (xx, 241 p.) :$bill.
=500  \\$a"A thesis submitted to the Faculty of Graduate Studies and Research in partial fulfillment of the requirements for the Degree of Doctor of Philosophy, Department of Physics."
=502  \\$aThesis (Ph. D.)--University of Alberta, 1984.
=504  \\$aIncludes bibliographical references.
=650  \0$aLungs$xRadiography.
=650  \0$aIrradiation.
=650  \0$aX-rays.
=650  \0$aMedicine, Preventive.
=710  2\$aUniversity of Alberta.$bDepartment of Physics.
=900  \\$aNK67397
=949  \\$zUAIN$zETHESIS

