=LDR  01026ntm  2200253I  4500
=001  uab09203495
=003  AEU
=005  20140319134934.0
=006  m|||||o||d||||||||
=007  cr||||||||||||
=008  140319s1984\\\\xx\ad\\\obm\\\000\0\eng\d
=040  \\$aAEU$cAEU
=050  \4$aQC776$b.T44 1984
=090  \\$aInternet Access$bAEU
=100  1\$aThekkumthala, Jose.
=245  13$aAn experimental study of the reaction PT [arrow] [alpha gamma] at intermediate energies$h[electronic resource] /$cby Jose Thomas Thekkumthala.
=260  \\$cc1984.
=300  \\$a1 online resource (xiv, 216 p.) :$bill.
=500  \\$a"A thesis submitted to the Faculty of Graduate Studies and Research in partial fulfillment of the requirements for the Degree of Doctor of Philosophy in Nuclear Physics, Department of Physics."
=502  \\$aThesis (Ph. D.)--University of Alberta, 1984.
=504  \\$aIncludes bibliographical references.
=650  \0$aNuclear physics.
=710  2\$aUniversity of Alberta.$bDepartment of Physics.
=900  \\$aNK67402
=949  \\$zUAIN$zETHESIS

