=LDR  01031ntm  2200253I  4500
=001  uab09203512
=003  AEU
=005  20140319134934.0
=006  m|||||o||d||||||||
=007  cr||||||||||||
=008  140319s1984\\\\xx\ad\\\obm\\\000\0\eng\d
=040  \\$aAEU$cAEU
=050  \4$aQD431$b.D48 1984
=090  \\$aInternet Access$bAEU
=100  1\$aDettman, Heather Diane,$d1956-
=245  10$aFluorine nuclear magnetic resonance studies of micelle and vesicle bound M13 coat protein$h[electronic resource] /$cby Heather Diane Dettman.
=260  \\$cc1984.
=300  \\$a1 online resource (xxiii, 227 p.) :$bill.
=500  \\$a"A thesis submitted to the Faculty of Graduate Studies and Research in partial fulfillment of the requirements for the Degree of Doctor of Philosophy, Department of Biochemistry."
=502  \\$aThesis (Ph. D.)--University of Alberta, 1984.
=504  \\$aIncludes bibliographical references.
=650  \0$aMembrane proteins.
=710  2\$aUniversity of Alberta.$bDepartment of Biochemistry.
=900  \\$aNK67406
=949  \\$zUAIN$zETHESIS

