=LDR  01079ntm  2200265I  4500
=001  uab09203526
=003  AEU
=005  20140319134934.0
=006  m|||||o||d||||||||
=007  cr||||||||||||
=008  140319s1984\\\\xx\ad\\\obm\\\000\0\eng\d
=040  \\$aAEU$cAEU
=050  \4$aQD415$b.M33 1984
=090  \\$aInternet Access$bAEU
=100  1\$aMacdonald, Peter Moore,$d1953-
=245  10$aF-NMR studies of lipid hydrocarbon chain orientational order in Acholeplasma laidlawii B membranes$h[electronic resource] /$cby Peter Moore Macdonald.
=260  \\$cc1984.
=300  \\$a1 online resource (xviii, 245 p.) :$bill.
=500  \\$a"A thesis submitted to the Faculty of Graduate Studies and Research in partial fulfillment of the requirements for the Degree of Doctor of Philosophy, Department of Biochemistry."
=502  \\$aThesis (Ph. D.)--University of Alberta, 1984.
=504  \\$aIncludes bibliographical references.
=650  \0$aHydrocarbons$xResearch.
=650  \0$aLipids$xResearch.
=710  2\$aUniversity of Alberta.$bDepartment of Biochemistry.
=900  \\$aNK67407
=949  \\$zUAIN$zETHESIS

