=LDR  01057ntm  2200265I  4500
=001  uab09202343
=003  AEU
=005  20140319134934.0
=006  m|||||o||d||||||||
=007  cr||||||||||||
=008  140319s1983\\\\xx\\\\\\obm\\\000\0deng\d
=040  \\$aAEU$cAEU
=050  \4$aPR6063.U7$bM35 1983
=090  \\$aInternet Access$bAEU
=100  1\$aMalak, Amin,$d1946-
=245  10$aDemons and angels$h[electronic resource] :$bthe development of the power figure in Iris Murdoch's fiction /$cby Amin Abdul-Hussein Malak.
=260  \\$cc1983.
=300  \\$a1 online resource (viii, 195 p.)
=500  \\$a"A thesis submitted to the faculty of Graduate Studies and Research in partial fulfilment of the requirements for the degree of Doctor of Philosophy."
=502  \\$aThesis (Ph. D.)--University of Alberta, 1983.
=504  \\$aIncludes bibliographical references.
=650  \0$aPower (Social sciences) in literature.
=600  10$aMurdoch, Iris$xCriticism and interpretation.
=710  2\$aUniversity of Alberta.$bDepartment of English.
=900  \\$aNK67490
=949  \\$zUAIN$zETHESIS

