=LDR  01069ntm  2200277I  4500
=001  uab09202347
=003  AEU
=005  20140319134934.0
=006  m|||||o||d||||||||
=007  cr||||||||||||
=008  140319s1983\\\\xx\a\\\\obm\\\000\0\eng\d
=040  \\$aAEU$cAEU
=050  \4$aQC754.2.M3$bK63 1983
=090  \\$aInternet Access$bAEU
=100  1\$aKobes, Randal Lee,$d1956-
=245  14$aThe dipole field and the effective potential in quantum field theory$h[electronic resource] /$cby Randy Kobes.
=260  \\$cc1983.
=300  \\$a1 online resource (xi, 147 p.) :$bill.
=500  \\$a"A thesis submitted to the faculty of Graduate Studies and Research in partial fulfillment of the requirements for the degree of Doctor of Philosophy in physics."
=502  \\$aThesis (Ph. D.)--University of Alberta, 1983.
=504  \\$aIncludes bibliographical references.
=590  \\$aScanned copy imperfect: p. iv unreadable.
=650  \0$aMagnetic dipoles.
=650  \0$aQuantum field theory.
=710  2\$aUniversity of Alberta.$bDepartment of Physics.
=900  \\$aNK67491
=949  \\$zUAIN$zETHESIS

