=LDR  01027ntm  2200265I  4500
=001  uab09202386
=003  AEU
=005  20140319134934.0
=006  m|||||o||d||||||||
=007  cr||||||||||||
=008  140319s1984\\\\xx\a\\\\obm\\\000\0\eng\d
=040  \\$aAEU$cAEU
=050  \4$aQD181.T4$bA53 1984
=090  \\$aInternet Access$bAEU
=100  1\$aAnderson, Paul Cates,$d1956-
=245  10$aTellurium based synthetic methodology and synthetic studies related to mevinolin and compactin$h[electronic resource] /$cby Paul Cates Anderson.
=260  \\$cc1984.
=300  \\$a1 online resource (ix, 209 p.) :$bill.
=500  \\$a"A thesis submitted to the faculty of Graduate Studies and Research in partial fulfilment of the requirements for the degree of Doctor of Philosophy."
=502  \\$aThesis (Ph. D.)--University of Alberta, 1984.
=504  \\$aIncludes bibliographical references.
=650  \0$aTellurium.
=650  \0$aSynthetic products.
=710  2\$aUniversity of Alberta.$bDepartment of Chemistry.
=900  \\$aNK67493
=949  \\$zUAIN$zETHESIS

