=LDR  01002ntm  2200265I  4500
=001  uab09202395
=003  AEU
=005  20140319134934.0
=006  m|||||o||d||||||||
=007  cr||||||||||||
=008  140319s1984\\\\xx\ad\\\obm\\\000\0\eng\d
=040  \\$aAEU$cAEU
=050  \4$aHJ8015$b.A83 1984
=090  \\$aInternet Access$bAEU
=100  1\$aAscah, Robert L.$q(Robert Laurence),$d1954-
=245  10$aPolitics, public debt, and debt management$h[electronic resource] /$cby Robert Laurence Ascah.
=260  \\$cc1984.
=300  \\$a1 online resource (xi, 367 p.) :$bill.
=500  \\$a"A thesis submitted to the faculty of Graduate Studies and Research in partial fulfilment of the requirements for the degree of Doctor of Philosophy."
=502  \\$aThesis (Ph. D.)--University of Alberta, 1984.
=504  \\$aIncludes bibliographical references.
=650  \0$aDebts, Public.
=650  \0$aDeficit financing.
=710  2\$aUniversity of Alberta.$bDepartment of Political Science.
=900  \\$aNK67494
=949  \\$zUAIN$zETHESIS

