=LDR  01158ntm  2200289I  4500
=001  uab09202437
=003  AEU
=005  20140319134934.0
=006  m|||||o||d||||||||
=007  cr||||||||||||
=008  140319s1983\\\\xx\abd\\obm\\\000\0\eng\d
=040  \\$aAEU$cAEU
=043  \\$an-cnp--
=050  \4$aS560$b.M66 1983
=090  \\$aInternet Access$bAEU
=100  1\$aMonney, Bernard Grant,$d1950-
=245  13$aAn evaluation of farm management strategies under drought conditions$h[electronic resource] :$bthe case of dryland grain production on the Canadian prairies /$cby Bernard Grant Monney.
=260  \\$cc1983.
=300  \\$a1 online resource (xvi, 141 p.) :$bill., maps
=500  \\$a"A thesis submitted to the faculty of Graduate Studies and Research in partial fulfilment of the requirements for the degree of Doctor of Philosophy in Agricultural Economics."
=502  \\$aThesis (Ph. D.)--University of Alberta, 1983.
=504  \\$aIncludes bibliographical references.
=650  \0$aFarm management.
=650  \0$aDrought management.
=650  \0$aDroughts.
=710  2\$aUniversity of Alberta.$bDepartment of Rural Economy.
=900  \\$aNK67511
=949  \\$zUAIN$zETHESIS

