=LDR  01117ntm  2200289I  4500
=001  uab09205004
=003  AEU
=005  20140319134934.0
=006  m|||||o||d||||||||
=007  cr||||||||||||
=008  140319s1983\\\\xx\ad\\\obm\\\000\0\eng\d
=040  \\$aAEU$cAEU
=050  \4$aQP801.N55$bH36 1983
=090  \\$aInternet Access$bAEU
=100  1\$aHammond, James Richard,$d1956-
=245  10$aDrug interactions with the nucleoside transport system in erythrocytes and CNS membranes$h[electronic resource] /$cby James Richard Hammond.
=260  \\$cc1983.
=300  \\$a1 online resource (xxi, 250 p.) :$bill.
=500  \\$a"A thesis submitted to the Faculty of Graduate Studies and Research in partial fulfillment of the requirements for the degree of Doctor of Philosophy."
=502  \\$aThesis (Ph. D.)--University of Alberta, 1983.
=504  \\$aIncludes bibliographical references.
=650  \0$aNucleosides.
=650  \0$aDrug delivery systems.
=650  \0$aErythrocytes.
=650  \0$aCentral nervous system stimulants.
=710  2\$aUniversity of Alberta.$bDepartment of Pharmacology.
=900  \\$aNK67520
=949  \\$zUAIN$zETHESIS

