=LDR  01019ntm  2200265I  4500
=001  uab09205393
=003  AEU
=005  20140319134934.0
=006  m|||||o||d||||||||
=007  cr||||||||||||
=008  140319s1983\\\\xx\ad\\\obm\\\000\0\eng\d
=040  \\$aAEU$cAEU
=050  \4$aRC657.5.G7$bG37 1983
=090  \\$aInternet Access$bAEU
=100  1\$aGarcia-Ameijeiras, Maria de los Angeles,$d1952-
=245  14$aThe thyrotropin receptor in Graves' disease$h[electronic resource] /$cby Maria de los Angeles Garcia Ameijeiras.
=260  \\$cc1983.
=300  \\$a1 online resource (xx, 186 p.) :$bill.
=500  \\$a"A thesis submitted to the Faculty of Graduate Studies and Research in partial fulfillment of the requirements for the degree of Doctor of Philosophy."
=502  \\$aThesis (Ph. D.)--University of Alberta, 1983.
=504  \\$aIncludes bibliographical references.
=650  \0$aGraves' disease.
=650  \0$aThyrotropin.
=710  2\$aUniversity of Alberta.$bMedical Sciences (Medicine)
=900  \\$aNK67525
=949  \\$zUAIN$zETHESIS

