=LDR  01367ntm  2200277I  4500
=001  uab09205396
=003  AEU
=005  20140319134934.0
=006  m|||||o||d||||||||
=007  cr||||||||||||
=008  140319s1983\\\\xx\a\\\\obm\\\000\0\eng\d
=040  \\$aAEU$cAEU
=050  \4$aQD412.S7$bM66 1983
=090  \\$aInternet Access$bAEU
=100  1\$aMontellanos, Gilberto E. Diaz$q(Gilberto Eduardo Diaz),$d1942-
=245  14$aThe replacement of the nitro group by hydrogen using tri-n-butyltin hydride, a variation of the Kornblum reaction$h[electronic resource] :$bon the mechanism of reduction of ketones by organotin hydrides /$cby Gilberto E. Diaz Montellanos.
=260  \\$cc1983.
=300  \\$a1 online resource (ix, 130 p.) :$bill.
=500  \\$a"A thesis submitted to the Faculty of Graduate Studies and Research in partial fulfillment of the requirements for the degree of Doctor of Philosophy."
=502  \\$aThesis (Ph. D.)--University of Alberta, 1983.
=504  \\$aIncludes bibliographical references.
=505  0\$apt. 1. The replacement of the nitro group by hydrogen using tri-n-butyltin hydride, a variation of the Kornblum reaction -- pt. 2. On the mechanism of reduction of ketones by organotin hydrides.
=650  \0$aOrganotin compounds.
=650  \0$aHydrides.
=710  2\$aUniversity of Alberta.$bDepartment of Chemistry.
=900  \\$aNK67526
=949  \\$zUAIN$zETHESIS

