=LDR  01016ntm  2200253I  4500
=001  uab09205398
=003  AEU
=005  20140319134934.0
=006  m|||||o||d||||||||
=007  cr||||||||||||
=008  140319s1983\\\\xx\ad\\\obm\\\000\0\eng\d
=040  \\$aAEU$cAEU
=050  \4$aQD79.E4$bP47 1983
=090  \\$aInternet Access$bAEU
=100  1\$aP{acute}erez Campos, Ramiro.
=245  10$aExperimental and theoretical assessments of some approximations in the dynamical theory of electron diffraction$h[electronic resource] /$cby Ramiro Perez Campos.
=260  \\$cc1983.
=300  \\$a1 online resource (xviii, 173 p.) :$bill.
=500  \\$a"A thesis submitted to the Faculty of Graduate Studies and Research in partial fulfillment of the requirements for the degree of Doctor of Philosophy."
=502  \\$aThesis (Ph. D.)--University of Alberta, 1983.
=504  \\$aIncludes bibliographical references.
=650  \0$aElectrons$xDiffraction.
=710  2\$aUniversity of Alberta.$bDepartment of Physics.
=900  \\$aNK67528
=949  \\$zUAIN$zETHESIS

