=LDR  01102ntm  2200289I  4500
=001  uab09205725
=003  AEU
=005  20140319134934.0
=006  m|||||o||d||||||||
=007  cr||||||||||||
=008  140319s1983\\\\xx\ad\\\obm\\\000\0\eng\d
=040  \\$aAEU$cAEU
=050  \4$aQP572.L85$bC43 1983
=090  \\$aInternet Access$bAEU
=100  1\$aChang, John Philip,$d1954-
=245  10$aInfluences of dopamine and norepinephrine on gonadotropin release in goldfish, Carassius auratus$h[electronic resource] /$cby John Philip Chang.
=260  \\$cc1983.
=300  \\$a1 online resource (xiii, 105 p.) :$bill.
=500  \\$a"A thesis submitted to the Faculty of Graduate Studies and Research in partial fulfillment of the requirements for the degree of Doctor of Philosophy."
=502  \\$aThesis (Ph. D.)--University of Alberta, 1983.
=504  \\$aIncludes bibliographical references.
=650  \0$aLuteinizing hormone releasing hormone.
=650  \0$aGoldfish.
=650  \0$aDopamine.
=650  \0$aNoradrenaline.
=710  2\$aUniversity of Alberta.$bDepartment of Zoology.
=900  \\$aNL26788
=949  \\$zUAIN$zETHESIS

