=LDR  01067ntm  2200265I  4500
=001  uab09205869
=003  AEU
=005  20140319134934.0
=006  m|||||o||d||||||||
=007  cr||||||||||||
=008  140319s1997\\\\xx\ad\\\obm\\\000\0\eng\d
=040  \\$aAEU$cAEU
=050  \4$aBF637.B4$bZ56 1997
=090  \\$aInternet Access$bAEU
=100  1\$aZiolkowski, Sandra L.$q(Sandra Louise),$d1966-
=245  10$aAnalyzing the immediate shock deficit$h[electronic resource] :$ba behavioural examination of post-shock activity in rats /$cby Sandra L. Ziolkowski.
=260  \\$cc1997.
=300  \\$a1 online resource (162 p.) :$bill.
=500  \\$a"A thesis submitted to the Faculty of Graduate Studies and Research in partial fulfillment of the requirements for the degree of Doctor of Philosophy."
=502  \\$aThesis (Ph. D.)--University of Alberta, 1997.
=504  \\$aIncludes bibliographical references.
=650  \0$aBehavior modification.
=650  \0$aRats as laboratory animals.
=710  2\$aUniversity of Alberta.$bDepartment of Psychology.
=900  \\$aNQ21664
=949  \\$zUAIN$zETHESIS

