=LDR  01176ntm  2200277I  4500
=001  uab09202439
=003  AEU
=005  20140319134934.0
=006  m|||||o||d||||||||
=007  cr||||||||||||
=008  140319s1985\\\\xx\\\\\\obm\\\000\0\eng\d
=040  \\$aAEU$cAEU
=050  \4$aQP603.M6$bH36 1985
=090  \\$aInternet Access$bAEU
=100  1\$aHampson, David Richard,$d1954-
=245  14$aThe monoamine oxidase inhibitor tranylcypromine$h[electronic resource] :$ba comprehensive neurochemical study /$cby David Richard Hampson.
=260  \\$cc1985.
=300  \\$a1 online resource (xix, 181 p.)
=500  \\$a"A thesis submitted to the Faculty of Graduate Studies and Research in partial fulfillment of the requirements for the Degree of Doctor of Philosophy in Pharmaceutical Sciences (Neurochemistry)."
=502  \\$aThesis (Ph. D.)--University of Alberta, 1985.
=504  \\$aIncludes bibliographical references.
=590  \\$aScanned copy imperfect: ink blotches or scanning imperfections render some text unreadable.
=650  \0$aMonoamine oxidase$xInhibitors.
=650  \0$aAntidepressants.
=900  \\$aNK67422
=949  \\$zUAIN$zETHESIS
=987  \\$amissing$b710$dNo department specified.

