=LDR  01259ntm  2200277I  4500
=001  uab09202451
=003  AEU
=005  20140319134934.0
=006  m|||||o||d||||||||
=007  cr||||||||||||
=008  140319s1984\\\\xx\adf\\obm\\\000\0\eng\d
=040  \\$aAEU$cAEU
=050  \4$aQP625.N88$bH38 1984
=090  \\$aInternet Access$bAEU
=100  1\$aHatfield, Peter William,$d1956-
=245  10$a(2-hydroxyethoxy)methyl nucleoside analogues.$nA,$pModels in the study of the acid catalysed hydrolysis of the glycosyl bond.$h[electronic resource]$nB,$pEvaluation of biological activities /$cby Peter William Hatfield.
=260  \\$cc1984.
=300  \\$a1 online resource (xii, 171 p.) :$bill.
=500  \\$a"A thesis submitted to the Faculty of Graduate Studies and Research in partial fulfillment of the requirements for the Degree of Doctor of Philosophy in Chemistry, Department of Chemistry."
=502  \\$aThesis (Ph. D.)--University of Alberta, 1984.
=504  \\$aIncludes bibliographical references.
=590  \\$aScanned copy imperfect: ink blotches or scanning imperfections render some text unreadable.
=650  \0$aNucleosides$xSynthesis.
=650  \0$aGlycosides.
=710  2\$aUniversity of Alberta.$bDepartment of Chemistry.
=900  \\$aNK67425
=949  \\$zUAIN$zETHESIS

