=LDR  01196ntm  2200289I  4500
=001  uab09202495
=003  AEU
=005  20140319134934.0
=006  m|||||o||d||||||||
=007  cr||||||||||||
=008  140319s1984\\\\xx\adf\\obm\\\000\0\eng\d
=040  \\$aAEU$cAEU
=050  \4$aQD181.C6$bL35 1984
=090  \\$aInternet Access$bAEU
=100  1\$aLaird, Janet Louise,$d1953-
=245  10$aAquation and chromium(II) reduction reactions of sulfonamido complexes of pentaamminecobalt(III)$h[electronic resource] /$cby Janet Louise Laird.
=260  \\$cc1984.
=300  \\$a1 online resource (xiii, 200 p.) :$bill.
=500  \\$a"A thesis submitted to the Faculty of Graduate Studies and Research in partial fulfillment of the requirements for the Degree of Doctor of Philosophy, Department of Chemistry."
=502  \\$aThesis (Ph. D.)--University of Alberta, 1984.
=504  \\$aIncludes bibliographical references.
=590  \\$aScanned copy imperfect: ink blotches or scanning imperfections render some text unreadable.
=650  \0$aOxidation-reduction reaction.
=650  \0$aCobalt.
=650  \0$aChromium.
=710  2\$aUniversity of Alberta.$bDepartment of Chemistry.
=900  \\$aNK67429
=949  \\$zUAIN$zETHESIS

