=LDR  01222ntm  2200301I  4500
=001  uab09202559
=003  AEU
=005  20140319134934.0
=006  m|||||o||d||||||||
=007  cr||||||||||||
=008  140319s1983\\\\xx\\\\\\obm\\\000\0deng\d
=040  \\$aAEU$cAEU
=050  \4$aPR9199.3.W58$bZ66 1983
=090  \\$aInternet Access$bAEU
=100  1\$aRobinson, Jack,$d1951-
=245  10$aGeorge Woodcock$h[electronic resource] :$bromantic idealist /$cby Jack Robinson.
=260  \\$cc1983.
=300  \\$a1 online resource (viii, 331 p.)
=500  \\$a"A thesis submitted to the Faculty of Graduate Studies and Research in partial fulfillment of the requirements for the Degree of Doctor of Philosophy, Department of English."
=502  \\$aThesis (Ph. D.)--University of Alberta, 1983.
=504  \\$aIncludes bibliographical references.
=590  \\$aScanned copy imperfect: ink blotches or scanning imperfections render some text unreadable.
=600  10$aWoodcock, George,$d1912-1995.
=600  10$aWoodcock, George,$d1912-1995$xCriticism and interpretation.
=650  \0$aRomanticism.
=650  \0$aAuthors, Canadian$y20th century.
=710  2\$aUniversity of Alberta.$bDepartment of English.
=900  \\$aNK67454
=949  \\$zUAIN$zETHESIS

