=LDR  01115ntm  2200277I  4500
=001  uab09202564
=003  AEU
=005  20140319134934.0
=006  m|||||o||d||||||||
=007  cr||||||||||||
=008  140319s1983\\\\xx\adf\\obm\\\000\0\eng\d
=040  \\$aAEU$cAEU
=050  \4$aSF192.U5$bT46 1983
=090  \\$aInternet Access$bAEU
=100  1\$aTennessen, Tarjei.
=245  13$aAn ethological investigation into the husbandry of bulls$h[electronic resource] /$cby Tarjei Tennessen.
=260  \\$cc1983.
=300  \\$a1 online resource (xvii, 124 p.) :$bill.
=500  \\$a"A thesis submitted to the Faculty of Graduate Studies and Research in partial fulfillment of the requirements for the Degree of Doctor of Philosophy, Department of Animal Science."
=502  \\$aThesis (Ph. D.)--University of Alberta, 1983.
=504  \\$aIncludes bibliographical references.
=590  \\$aScanned copy imperfect: ink blotches or scanning imperfections render some text unreadable.
=650  \0$aBulls.
=650  \0$aAnimal behavior.
=710  2\$aUniversity of Alberta.$bDepartment of Animal Science.
=900  \\$aNK67457
=949  \\$zUAIN$zETHESIS

