=LDR  01111ntm  2200265I  4500
=001  uab09202589
=003  AEU
=005  20140319134934.0
=006  m|||||o||d||||||||
=007  cr||||||||||||
=008  140319s1984\\\\xx\adf\\obm\\\000\0\eng\d
=040  \\$aAEU$cAEU
=050  \4$aQP171$b.V55 1984
=090  \\$aInternet Access$bAEU
=100  1\$aVillar, Jose Daniel Figueroa,$d1955-
=245  10$aChemical studies of the metabolites of Lachnellula fuscosanguinea$h[electronic resource] /$cby Jose Daniel Figueroa Villar.
=260  \\$cc1984.
=300  \\$a1 online resource (x, 201 p.) :$bill.
=500  \\$a"A thesis submitted to the Faculty of Graduate Studies and Research in partial fulfillment of the requirements for the Degree of Doctor of Philosophy, Department of Chemistry."
=502  \\$aThesis (Ph. D.)--University of Alberta, 1984.
=504  \\$aIncludes bibliographical references.
=590  \\$aScanned copy imperfect: ink blotches or scanning imperfections render some text unreadable.
=650  \0$aMetabolites.
=710  2\$aUniversity of Alberta.$bDepartment of Chemistry.
=900  \\$aNK67475
=949  \\$zUAIN$zETHESIS

