=LDR  01226ntm  2200289I  4500
=001  uab09202598
=003  AEU
=005  20140319134934.0
=006  m|||||o||d||||||||
=007  cr||||||||||||
=008  140319s1983\\\\xx\adf\\obm\\\000\0\eng\d
=040  \\$aAEU$cAEU
=050  \4$aBF319$b.G74 1983
=090  \\$aInternet Access$bAEU
=100  1\$aGreer, Sheila M.$q(Sheila Mary),$d1947-
=245  14$aThe effect of response-independent reinforcement on the re parameter of Herrnstein's equation$h[electronic resource] /$cby Sheila M. Greer.
=260  \\$cc1983.
=300  \\$a1 online resource (xi, 109 p.) :$bill.
=500  \\$a"A thesis submitted to the Faculty of Graduate Studies and Research in partial fulfillment of the requirements for the Degree of Doctor of Philosophy, Department of Psychology."
=502  \\$aThesis (Ph. D.)--University of Alberta, 1983.
=504  \\$aIncludes bibliographical references.
=590  \\$aScanned copy imperfect: ink blotches or scanning imperfections render some text unreadable.
=650  \0$aConditioned response.
=650  \0$aBehaviorism (Psychology)
=650  \0$aReinforcement (Psychology)
=710  2\$aUniversity of Alberta.$bDepartment of Psychology.
=900  \\$aNK67478
=949  \\$zUAIN$zETHESIS

