=LDR  01138ntm  2200265I  4500
=001  uab09202640
=003  AEU
=005  20140319134934.0
=006  m|||||o||d||||||||
=007  cr||||||||||||
=008  140319s1983\\\\xx\adf\\obm\\\000\0\eng\d
=040  \\$aAEU$cAEU
=050  \4$aQA276.7$b.M55 1983
=090  \\$aInternet Access$bAEU
=100  1\$aMills, Shirley Elizabeth,$d1947-
=245  10$aOutliers in life-testing distributions$h[electronic resource] /$cby Shirley Elizabeth Mills.
=260  \\$cc1983.
=300  \\$a1 online resource (xv, 197 p.) :$bill.
=500  \\$a"A thesis submitted to the Faculty of Graduate Studies and Research in partial fulfillment of the requirements for the Degree of Doctor of Philosophy, Department of Statistics and Applied Probability."
=502  \\$aThesis (Ph. D.)--University of Alberta, 1983.
=504  \\$aIncludes bibliographical references.
=590  \\$aScanned copy imperfect: ink blotches or scanning imperfections render some text unreadable.
=650  \0$aOutliers (Statistics)
=710  2\$aUniversity of Alberta.$bDepartment of Statistics and Applied Probability.
=900  \\$aNK67484
=949  \\$zUAIN$zETHESIS

