=LDR  01182ntm a22003131i 4500
=001  uab09272609
=003  UAB
=005  20140924164931.0
=006  m|||||o||d||||||||
=007  cr||||||||||||
=008  140924t19781978xx\abdf\obm\\\000\0\eng\d
=040  \\$aUAB$beng$erda$cUAB
=050  \4$aQC929.H15$bW74 1978
=090  \\$aInternet Access$bAEU
=100  1\$aWrenshall, Peter,$eauthor.
=245  10$aEvaluation of hailfall from radar and hailpad data /$cby Peter Wrenshall.
=264  \1$c[1978]
=264  \4$c1978
=300  \\$a1 online resource (xii, 151 pages) :$billustrations, maps
=336  \\$atext$btxt$2rdacontent
=337  \\$acomputer$bc$2rdamedia
=338  \\$aonline resource$bcr$2rdacarrier
=500  \\$a"A thesis submitted to the Faculty of Graduate Studies and Research in partial fulfilment of the requirements for the degree of Master of Science in Meteorology, Department of Geography."
=502  \\$bM. Sc.$cUniversity of Alberta$d1978.
=504  \\$aIncludes bibliographical references (pages 102-104).
=650  \0$aHail$xMeasurement.
=650  \0$aHail$xForecasting.
=710  2\$aUniversity of Alberta.$bDepartment of Geography.
=900  \\$aMK40356
=949  \\$zUAIN$zETHESIS

