=LDR  01293ntm a22003371i 4500
=001  uab09272629
=003  UAB
=005  20140924173108.0
=006  m|||||o||d||||||||
=007  cr||||||||||||
=008  140924t19791979xx\abdf\obm\\\000\0\eng\d
=040  \\$aUAB$beng$erda$cUAB
=043  \\$an-cn-bc
=050  \4$aTN27.B8$bA93 1979
=090  \\$aInternet Access$bAEU
=100  1\$aAubut, Alan James,$eauthor.
=245  14$aThe geology and mineralogy of a tertiary buried placer deposit, southern British Columbia /$cby Alan James Aubut.
=264  \1$c[1979]
=264  \4$c1979
=300  \\$a1 online resource (xii, 98 pages) :$billustrations, maps
=336  \\$atext$btxt$2rdacontent
=337  \\$acomputer$bc$2rdamedia
=338  \\$aonline resource$bcr$2rdacarrier
=500  \\$a"A thesis submitted to the Faculty of Graduate Studies and Research in partial fulfilment of the requirements for the degree of Master of Science, Department of Geology."
=502  \\$bM. Sc.$cUniversity of Alberta$d1979.
=504  \\$aIncludes bibliographical references (pages 93-95).
=650  \0$aPlacer deposits$zBritish Columbia.
=650  \0$aGeology$zBritish Columbia.
=650  \0$aMineralogy$zBritish Columbia.
=710  2\$aUniversity of Alberta.$bDepartment of Geology.
=900  \\$aMK40367
=949  \\$zUAIN$zETHESIS

