=LDR  01282ntm a22003251i 4500
=001  uab09272649
=003  UAB
=005  20140924180727.0
=006  m|||||o||d||||||||
=007  cr||||||||||||
=008  140924t19791979xx\abdf\obm\\\000\0\eng\d
=040  \\$aUAB$beng$erda$cUAB
=050  \4$aTK7882.P3$bC44 1979
=090  \\$aInternet Access$bAEU
=100  1\$aCheng, Leonard Shik Wo,$eauthor.
=245  10$aPassive bus detector :$ban application of microcomputer technology and pattern recognition /$cby Leonard Shik Wo Cheng.
=264  \1$c[1979]
=264  \4$c1979
=300  \\$a1 online resource (x, 133 pages) :$billustrations, maps
=336  \\$atext$btxt$2rdacontent
=337  \\$acomputer$bc$2rdamedia
=338  \\$aonline resource$bcr$2rdacarrier
=500  \\$a"A thesis submitted to the Faculty of Graduate Studies and Research in partial fulfilment of the requirements for the degree of Master of Science, Department of Electrical Engineering."
=502  \\$bM. Sc.$cUniversity of Alberta$d1979.
=504  \\$aIncludes bibliographical references (pages 58-60).
=650  \0$aPattern recognition systems.
=650  \0$aMotor buses.
=650  \0$aTraffic engineering.
=710  2\$aUniversity of Alberta.$bDepartment of Electrical Engineering.
=900  \\$aMK40383
=949  \\$zUAIN$zETHESIS

