=LDR  01224ntm a22003131i 4500
=001  uab09272799
=003  UAB
=005  20140925123731.0
=006  m|||||o||d||||||||
=007  cr||||||||||||
=008  140925t19791979xx\\\\\\obm\\\000\0\eng\d
=040  \\$aUAB$beng$erda$cUAB
=050  \4$aQK495.C9$bD44 1979
=090  \\$aInternet Access$bAEU
=100  1\$aDegenhardt, Delbert Frank,$eauthor.
=245  10$aEffects of seeding dates and seedling rates on the agronomic characteristics of rape (Brassica napus L.) /$cby Delbert Frank Degenhardt.
=264  \1$c[1979]
=264  \4$c1979
=300  \\$a1 online resource (xv, 144 pages)
=336  \\$atext$btxt$2rdacontent
=337  \\$acomputer$bc$2rdamedia
=338  \\$aonline resource$bcr$2rdacarrier
=500  \\$a"A thesis submitted to the Faculty of Graduate Studies and Research in partial fulfilment of the requirements for the degree of Master of Science in Plan Breeding, Department of Plant Science."
=502  \\$bM. Sc.$cUniversity of Alberta$d1979.
=504  \\$aIncludes bibliographical references (pages 135-138).
=650  \0$aRape (Plant)
=650  \0$aRapeseed.
=710  2\$aUniversity of Alberta.$bDepartment of Plant Science.
=900  \\$aMK40393
=949  \\$zUAIN$zETHESIS

