=LDR  01129ntm a22003131i 4500
=001  uab09272881
=003  UAB
=005  20140925151554.0
=006  m|||||o||d||||||||
=007  cr||||||||||||
=008  140925t19791979xx\df\\\obm\\\000\0\eng\d
=040  \\$aUAB$beng$erda$cUAB
=050  \4$aBF469$b.H39 1979
=090  \\$aInternet Access$bAEU
=100  1\$aHawkeye, Larry,$eauthor.
=245  14$aThe perception of parallels /$cby Larry Hawkeye.
=264  \1$c[1979]
=264  \4$c1979
=300  \\$a1 online resource (x, 84 pages) :$billustrations
=336  \\$atext$btxt$2rdacontent
=337  \\$acomputer$bc$2rdamedia
=338  \\$aonline resource$bcr$2rdacarrier
=500  \\$a"A thesis submitted to the Faculty of Graduate Studies and Research in partial fulfilment of the requirements for the degree of Master of Science, Department of Psychology."
=502  \\$bM. Sc.$cUniversity of Alberta$d1979.
=504  \\$aIncludes bibliographical references (pages 73-76).
=650  \0$aSpace perception.
=650  \0$aParallels (Geometry)
=710  2\$aUniversity of Alberta.$bDepartment of Psychology.
=900  \\$aMK43430
=949  \\$zUAIN$zETHESIS

