=LDR  01237ntm a22003251i 4500
=001  uab09272901
=003  UAB
=005  20140925161107.0
=006  m|||||o||d||||||||
=007  cr||||||||||||
=008  140925t19791979xx\\\\\\obm\\\000\0\eng\d
=040  \\$aUAB$beng$erda$cUAB
=050  \4$aHF5415.335$b.H54 1979
=090  \\$aInternet Access$bAEU
=100  1\$aHiga, Valerie T.,$eauthor.
=245  10$aConsumer satisfaction with the commercial serviceability of selected textile products /$cby Valerie T. Higa.
=264  \1$c[1979]
=264  \4$c1979
=300  \\$a1 online resource (x, 77 pages)
=336  \\$atext$btxt$2rdacontent
=337  \\$acomputer$bc$2rdamedia
=338  \\$aonline resource$bcr$2rdacarrier
=500  \\$a"A thesis submitted to the Faculty of Graduate Studies and Research in partial fulfilment of the requirements for the degree of Master of Science in Clothing and Textiles, Faculty of Home Economics."
=502  \\$bM. Sc.$cUniversity of Alberta$d1979.
=504  \\$aIncludes bibliographical references (pages 64-68).
=650  \0$aConsumer satisfaction.
=650  \0$aTextile fabrics.
=650  \0$aDry cleaning.
=710  2\$aUniversity of Alberta.$bFaculty of Home Economics.
=900  \\$aMK43437
=949  \\$zUAIN$zETHESIS

