=LDR  01227ntm a22003131i 4500
=001  uab09272904
=003  UAB
=005  20140925161412.0
=006  m|||||o||d||||||||
=007  cr||||||||||||
=008  140925t19791979xx\adf\\obm\\\000\0\eng\d
=040  \\$aUAB$beng$erda$cUAB
=050  \4$aQL377.H9$bK56 1979
=090  \\$aInternet Access$bAEU
=100  1\$aKing, Michael G.,$eauthor.
=245  10$aEpithelial conduction and the control of crumpling behavior in Polyorchis penicillatus /$cby Michael G. King.
=264  \1$c[1979]
=264  \4$c1979
=300  \\$a1 online resource (xiii, 183 pages) :$billustrations
=336  \\$atext$btxt$2rdacontent
=337  \\$acomputer$bc$2rdamedia
=338  \\$aonline resource$bcr$2rdacarrier
=500  \\$a"A thesis submitted to the Faculty of Graduate Studies and Research in partial fulfilment of the requirements for the degree of Master of Science, Department of Zoology."
=502  \\$bM. Sc.$cUniversity of Alberta$d1979.
=504  \\$aIncludes bibliographical references (pages 126-141).
=650  \0$aPenicillate jellyfish$xDefenses.
=650  \0$aEpithelial cells$xElectric properties.
=710  2\$aUniversity of Alberta.$bDepartment of Zoology.
=900  \\$aMK43449
=949  \\$zUAIN$zETHESIS

