=LDR  01189ntm a22003131i 4500
=001  uab09273084
=003  UAB
=005  20140926100458.0
=006  m|||||o||d||||||||
=007  cr||||||||||||
=008  140926t19791979xx\adf\\obm\\\000\0\eng\d
=040  \\$aUAB$beng$erda$cUAB
=050  \4$aRM847$b.K65 1979
=090  \\$aInternet Access$bAEU
=100  1\$aKolitsi, Zoi,$eauthor.
=245  10$aScattered radiation from beam modifying devices used with megavoltage therapy beams /$cby Zoi Kolitsi.
=264  \1$c[1979]
=264  \4$c1979
=300  \\$a1 online resource (xv, 160 pages) :$billustrations
=336  \\$atext$btxt$2rdacontent
=337  \\$acomputer$bc$2rdamedia
=338  \\$aonline resource$bcr$2rdacarrier
=500  \\$a"A thesis submitted to the Faculty of Graduate Studies and Research in partial fulfillment of the requirements for the degree of Master of Science in Department of Physics."
=502  \\$bM. Sc.$cUniversity of Alberta$d1979.
=504  \\$aIncludes bibliographical references (pages 155-160).
=650  \0$aRadiotherapy, High energy.
=650  \0$aRadiation damping.
=710  2\$aUniversity of Alberta.$bDepartment of Physics.
=900  \\$aMK43453
=949  \\$zUAIN$zETHESIS

