=LDR  01291ntm a22003251i 4500
=001  uab09273100
=003  UAB
=005  20140926104656.0
=006  m|||||o||d||||||||
=007  cr||||||||||||
=008  140926t19791979xx\df\\\obm\\\000\0\eng\d
=040  \\$aUAB$beng$erda$cUAB
=050  \4$aSB351.L6$bK75 1979
=090  \\$aInternet Access$bAEU
=100  1\$aKristie, David Nickolos,$d1953-$eauthor.
=245  14$aThe relationship between temperature and secondary dormancy in Lactuca sativa L. /$cby David Nickolos Kristie.
=264  \1$c[1979]
=264  \4$c1979
=300  \\$a1 online resource (xi, 97 pages) :$billustrations
=336  \\$atext$btxt$2rdacontent
=337  \\$acomputer$bc$2rdamedia
=338  \\$aonline resource$bcr$2rdacarrier
=500  \\$a"A thesis submitted to the Faculty of Graduate Studies and Research in partial fulfilment of the requirements for the degree of Master of Science in Department of Plant Science."
=502  \\$bM. Sc.$cUniversity of Alberta$d1979.
=504  \\$aIncludes bibliographical references (pages 90-97).
=590  \\$aLibrary copy imperfect: faded throughout.
=650  \0$aLettuce$xEffect of temperature on.
=650  \0$aLettuce$xDormancy.
=710  2\$aUniversity of Alberta.$bDepartment of Plant Science.
=900  \\$aMK43455
=949  \\$zUAIN$zETHESIS

