=LDR  01203ntm a22003131i 4500
=001  uab09273153
=003  UAB
=005  20140926133504.0
=006  m|||||o||d||||||||
=007  cr||||||||||||
=008  140926t19791979xx\\\\\\obm\\\000\0\eng\d
=040  \\$aUAB$beng$erda$cUAB
=050  \4$aHV9275$b.M67 1979
=090  \\$aInternet Access$bAEU
=100  1\$aMorose, Louise Marie,$eauthor.
=245  10$aPublic opinion concerning correctional and penal reform /$cby Louise Marie Morose.
=264  \1$c[1979]
=264  \4$c1979
=300  \\$a1 online resource (x, 136 pages)
=336  \\$atext$btxt$2rdacontent
=337  \\$acomputer$bc$2rdamedia
=338  \\$aonline resource$bcr$2rdacarrier
=500  \\$a"A thesis submitted to the Faculty of Graduate Studies and Research in partial fulfilment of the requirements for the degree of Master of Arts, Department of Sociology."
=502  \\$bM.A.$cUniversity of Alberta$d1979.
=504  \\$aIncludes bibliographical references (pages 118-122).
=650  \0$aCriminals$xRehabilitation$xPublic opinion.
=650  \0$aCriminals$xRehabilitation$xCitizen participation.
=710  2\$aUniversity of Alberta.$bDepartment of Sociology.
=900  \\$aMK43495
=949  \\$zUAIN$zETHESIS

