=LDR  01371ntm a22003371i 4500
=001  uab09273158
=003  UAB
=005  20140926135715.0
=006  m|||||o||d||||||||
=007  cr||||||||||||
=008  140926t19791979xx\\\\\\obm\\\000\0\eng\d
=040  \\$aUAB$beng$erda$cUAB
=043  \\$an-cnp--
=050  \4$aHV9509.P73$bM85 1979
=090  \\$aInternet Access$bAEU
=100  1\$aMulgrew, Patrick Joseph,$eauthor.
=245  10$aPhysical fitness of correctional officers (Prairie region) 1977-78 /$cby Patrick Joseph Mulgrew.
=264  \1$c[1979]
=264  \4$c1979
=300  \\$a1 online resource (v, 82 pages)
=336  \\$atext$btxt$2rdacontent
=337  \\$acomputer$bc$2rdamedia
=338  \\$aonline resource$bcr$2rdacarrier
=500  \\$a"A thesis submitted to the Faculty of Graduate Studies and Research in partial fulfillment of the requirements for the degree of Master of Science, Department of Physical Education."
=502  \\$bM. Sc.$cUniversity of Alberta$d1979.
=504  \\$aIncludes bibliographical references (pages 76-81).
=590  \\$aLibrary copy imperfect: Page iv wanting; page [iii], [x], 81 and 82 scanned twice; page 81 cut off.
=650  \0$aCorrectional personnel$zPrairie Provinces.
=650  \0$aPhysical fitness$zPrairie Provinces.
=710  2\$aUniversity of Alberta.$bDepartment of Physical Education.
=900  \\$aMK43500
=949  \\$zUAIN$zETHESIS

