=LDR  01204ntm a22003131i 4500
=001  uab09273173
=003  UAB
=005  20140926142821.0
=006  m|||||o||d||||||||
=007  cr||||||||||||
=008  140926t19791979xx\adf\\obm\\\000\0\eng\d
=040  \\$aUAB$beng$erda$cUAB
=050  \4$aQR82.E6$bM86 1979
=090  \\$aInternet Access$bAEU
=100  1\$aMungal, Myrna C.,$eauthor.
=245  10$aGrowth and isolation of Yersinia enterocolitica /$cby Myrna C. Mungal.
=264  \1$c[1979]
=264  \4$c1979
=300  \\$a1 online resource (xi, 87 pages) :$billustrations
=336  \\$atext$btxt$2rdacontent
=337  \\$acomputer$bc$2rdamedia
=338  \\$aonline resource$bcr$2rdacarrier
=500  \\$a"A thesis submitted to the Faculty of Graduate Studies and Research in partial fulfilment of the requirements for the degree of Master of Science, Department of Food Science."
=502  \\$bM. Sc.$cUniversity of Alberta$d1979.
=504  \\$aIncludes bibliographical references (pages 79-87).
=650  \0$aYersinia enterocolitica$xGrowth.
=650  \0$aYersinia enterocolitica$xEffect of temperature on.
=710  2\$aUniversity of Alberta.$bDepartment of Food Science.
=900  \\$aMK43502
=949  \\$zUAIN$zETHESIS

