=LDR  01318ntm a22003491i 4500
=001  uab09273182
=003  UAB
=005  20140926144615.0
=006  m|||||o||d||||||||
=007  cr||||||||||||
=008  140926t19791979xx\adf\\obm\\\000\0\eng\d
=040  \\$aUAB$beng$erda$cUAB
=050  \4$aTD883$b.N45 1979
=090  \\$aInternet Access$bAEU
=100  1\$aNeiman, Owen,$eauthor.
=245  10$aEffects of man-made obstacles on plume dispersion at a surface-mining site /$cby Owen Neiman.
=264  \1$c[1979]
=264  \4$c1979
=300  \\$a1 online resource (xviii, 127 pages) :$billustrations
=336  \\$atext$btxt$2rdacontent
=337  \\$acomputer$bc$2rdamedia
=338  \\$aonline resource$bcr$2rdacarrier
=500  \\$a"A thesis submitted to the Faculty of Graduate Studies and Research in partial fulfilment of the requirements for the degree of Master of Science, Department of Mechanical Engineering."
=502  \\$bM. Sc.$cUniversity of Alberta$d1979.
=504  \\$aIncludes bibliographical references (pages 119-122).
=650  \0$aAir$xPollution.
=650  \0$aAtmospheric diffusion.
=650  \0$aPlumes (Fluid dynamics)
=650  \0$aWakes (Fluid dynamics)
=650  \0$aDikes (Engineering)
=710  2\$aUniversity of Alberta.$bDepartment of Mechanical Engineering.
=900  \\$aMK43504
=949  \\$zUAIN$zETHESIS

