=LDR  01336ntm a22003371i 4500
=001  uab09273191
=003  UAB
=005  20140926150835.0
=006  m|||||o||d||||||||
=007  cr||||||||||||
=008  140926t19791979xx\\\\\\obm\\\000\0\fre\d
=040  \\$aUAB$beng$erda$cUAB
=041  0\$afre$beng
=050  \4$aPQ307.C48$bO46 1979
=090  \\$aInternet Access$bAEU
=100  1\$aOmoifo-Okoh, Juliana Omonukpon,$eauthor.
=245  12$aL'image renouvelee de l'enfant au debut du vingtieme siecle /$cby Juliana Omonukpon Omoifo-Okoh.
=264  \1$c[1979]
=264  \4$c1979
=300  \\$a1 online resource (x, 108 pages)
=336  \\$atext$btxt$2rdacontent
=337  \\$acomputer$bc$2rdamedia
=338  \\$aonline resource$bcr$2rdacarrier
=500  \\$a"A thesis submitted to the Faculty of Graduate Studies and Research in partial fulfilment of the requirements for the degree of Master of Arts, Department of Romance Languages."
=502  \\$bM.A.$cUniversity of Alberta$d1979.
=504  \\$aIncludes bibliographical references (pages 87-108).
=546  \\$aIn French; includes abstract in English.
=650  \0$aChildren in literature$xHistory$y20th century.
=650  \0$aFrench literature$y20th century$xHistory and criticism.
=710  2\$aUniversity of Alberta.$bDepartment of Romance Languages.
=900  \\$aMK43510
=949  \\$zUAIN$zETHESIS

