=LDR  01123ntm a22003131i 4500
=001  uab09273196
=003  UAB
=005  20140926151827.0
=006  m|||||o||d||||||||
=007  cr||||||||||||
=008  140926t19791979xx\\\\\\obm\\\000\0\eng\d
=040  \\$aUAB$beng$erda$cUAB
=050  \4$aQC173.75.H93$bP37 1979
=090  \\$aInternet Access$bAEU
=100  1\$aParanjape, M. B.,$eauthor.
=245  10$aField theory of hydrodynamics /$cby Manu B. Paranjape.
=264  \1$c[1979]
=264  \4$c1979
=300  \\$a1 online resource (vii, 75 pages)
=336  \\$atext$btxt$2rdacontent
=337  \\$acomputer$bc$2rdamedia
=338  \\$aonline resource$bcr$2rdacarrier
=500  \\$a"A thesis submitted to the Faculty of Graduate Studies and Research in partial fulfilment of the requirements for the degree of Master of Science, Department of Physics."
=502  \\$bM. Sc.$cUniversity of Alberta$d1979.
=504  \\$aIncludes bibliographical references (pages [74]-75).
=650  \0$aField theory (Physics)
=650  \0$aHydrodynamics.
=710  2\$aUniversity of Alberta.$bDepartment of Physics.
=900  \\$aMK43514
=949  \\$zUAIN$zETHESIS

