=LDR  01170ntm a22003131i 4500
=001  uab09273538
=003  UAB
=005  20140929103917.0
=006  m|||||o||d||||||||
=007  cr||||||||||||
=008  140929t19811981xx\\\\\\obm\\\000\0\eng\d
=040  \\$aUAB$beng$erda$cUAB
=043  \\$an-cn-ab
=050  \4$aGN560.C2$bB67 1981
=090  \\$aInternet Access$bAEU
=100  1\$aBorowski, Henry,$eauthor.
=245  10$aEthnic identification in a western Canadian city :$ban exploratory application of sequential sampling /$cby Henry Borowski.
=264  \1$c[1981]
=264  \4$c1981
=300  \\$a1 online resource (xi, 104 pages)
=336  \\$atext$btxt$2rdacontent
=337  \\$acomputer$bc$2rdamedia
=338  \\$aonline resource$bcr$2rdacarrier
=500  \\$a"A thesis submitted to the Faculty of Graduate Studies and Research in partial fulfilment of the requirements for the degree of Master of Arts, Sociology."
=502  \\$bM.A.$cUniversity of Alberta$d1981.
=504  \\$aIncludes bibliographical references (pages 83-89).
=650  \0$aEthnicity$zAlberta$zEdmonton.
=710  2\$aUniversity of Alberta.$bDepartment of Sociology.
=900  \\$aMK53869
=949  \\$zUAIN$zETHESIS

