=LDR  01251ntm a22003131i 4500
=001  uab09273550
=003  UAB
=005  20140929111232.0
=006  m|||||o||d||||||||
=007  cr||||||||||||
=008  140929t19811981xx\df\\\obm\\\000\0\eng\d
=040  \\$aUAB$beng$erda$cUAB
=050  \4$aSF203$b.B88 1981
=090  \\$aInternet Access$bAEU
=100  1\$aButson, Sarah Louise,$eauthor.
=245  10$aBiostatistical analysis of factors influencing lactation performance of range cows and weaning weights of their calves /$cby Sarah Louise Butson.
=264  \1$c[1981]
=264  \4$c1981
=300  \\$a1 online resource (xvii, 135 pages) :$billustrations
=336  \\$atext$btxt$2rdacontent
=337  \\$acomputer$bc$2rdamedia
=338  \\$aonline resource$bcr$2rdacarrier
=500  \\$a"A thesis submitted to the Faculty of Graduate Studies and Research in partial fulfilment of the requirements for the degree of Master of Science in Animal Genetics, Department of Animal Science."
=502  \\$bM. Sc.$cUniversity of Alberta$d1981.
=504  \\$aIncludes bibliographical references (pages 122-128).
=650  \0$aMilk yield.
=650  \0$aBeef cattle.
=710  2\$aUniversity of Alberta.$bDepartment of Animal Science.
=900  \\$aMK53875
=949  \\$zUAIN$zETHESIS

