=LDR  01270ntm a22003251i 4500
=001  uab09273558
=003  UAB
=005  20140929112758.0
=006  m|||||o||d||||||||
=007  cr||||||||||||
=008  140929t19811981xx\df\\\obm\\\000\0\eng\d
=040  \\$aUAB$beng$erda$cUAB
=050  \4$aQR185.8.I45$bD37 1981
=090  \\$aInternet Access$bAEU
=100  1\$aDasgupta, Mrinal K.,$eauthor.
=245  10$aDetection of circulating immune complexes (CIC) :$bwith results from selected disorders by Raji cell radioimmunoassay (RIA) /$cby Mrinal K. Dasgupta.
=264  \1$c[1981]
=264  \4$c1981
=300  \\$a1 online resource (xvi, 151 pages) :$billustrations
=336  \\$atext$btxt$2rdacontent
=337  \\$acomputer$bc$2rdamedia
=338  \\$aonline resource$bcr$2rdacarrier
=500  \\$a"A thesis submitted to the Faculty of Graduate Studies and Research in partial fulfilment of the requirements for the degree of Master of Science, Faculty of Medicine."
=502  \\$bM. Sc.$cUniversity of Alberta$d1981.
=504  \\$aIncludes bibliographical references (pages 126-140).
=650  \0$aImmune complexes.
=650  \0$aImmunologic diseases.
=650  \0$aRadioimmunoassay.
=710  2\$aUniversity of Alberta.$bFaculty of Medicine.
=900  \\$aMK53891
=949  \\$zUAIN$zETHESIS

