=LDR  01240ntm a22003251i 4500
=001  uab09273560
=003  UAB
=005  20140929113212.0
=006  m|||||o||d||||||||
=007  cr||||||||||||
=008  140929t19811981xx\abdf\obm\\\000\0\eng\d
=040  \\$aUAB$beng$erda$cUAB
=043  \\$an-cn-ab
=050  \4$aGV191.46.A3$bD43 1981
=090  \\$aInternet Access$bAEU
=100  1\$aDhanani, Anne D. B.,$eauthor.
=245  10$aWater quality and recreational use of the river valleys in Calgary /$cby Anne D.B. Dhanani.
=264  \1$c[1981]
=264  \4$c1981
=300  \\$a1 online resource (xiii, 165 pages) :$billustrations, maps
=336  \\$atext$btxt$2rdacontent
=337  \\$acomputer$bc$2rdamedia
=338  \\$aonline resource$bcr$2rdacarrier
=500  \\$a"A thesis submitted to the Faculty of Graduate Studies and Research in partial fulfilment of the requirements for the degree of Master of Science, Geography."
=502  \\$bM. Sc.$cUniversity of Alberta$d1981.
=504  \\$aIncludes bibliographical references (pages 147-165).
=650  \0$aRivers$xRecreational use$zAlberta$zCalgary.
=650  \0$aWater quality$zAlberta$zCalgary.
=710  2\$aUniversity of Alberta.$bDepartment of Geography.
=900  \\$aMK53893
=949  \\$zUAIN$zETHESIS

