=LDR  01193ntm a22003131i 4500
=001  uab09273564
=003  UAB
=005  20140929113937.0
=006  m|||||o||d||||||||
=007  cr||||||||||||
=008  140929t19811981xx\\\\\\obm\\\000\0\eng\d
=040  \\$aUAB$beng$erda$cUAB
=050  \4$aQL458.2.T4$bE94 1981
=090  \\$aInternet Access$bAEU
=100  1\$aEverson, Peter R.,$eauthor.
=245  10$aMate selection in Tetranychus urticae Koch (Acarina: Tetranychidae) :$ba test of six hypotheses /$cby Peter R. Everson.
=264  \1$c[1981]
=264  \4$c1981
=300  \\$a1 online resource (ix, 71 pages)
=336  \\$atext$btxt$2rdacontent
=337  \\$acomputer$bc$2rdamedia
=338  \\$aonline resource$bcr$2rdacarrier
=500  \\$a"A thesis submitted to the Faculty of Graduate Studies and Research in partial fulfilment of the requirements for the degree of Master of Science, Department of Zoology."
=502  \\$bM. Sc.$cUniversity of Alberta$d1981.
=504  \\$aIncludes bibliographical references (pages 62-71).
=650  \0$aTwo-spotted spider mite.
=650  \0$aCourtship in animals.
=710  2\$aUniversity of Alberta.$bDepartment of Zoology.
=900  \\$aMK53906
=949  \\$zUAIN$zETHESIS

