=LDR  01175ntm a22003131i 4500
=001  uab09273567
=003  UAB
=005  20140929114457.0
=006  m|||||o||d||||||||
=007  cr||||||||||||
=008  140929t19811981xx\a\\\\obm\\\000\0\eng\d
=040  \\$aUAB$beng$erda$cUAB
=050  \4$aQD281.R5$bF38 1981
=090  \\$aInternet Access$bAEU
=100  1\$aFathi-Afshar, Rakhshandeh,$eauthor.
=245  10$aStudies on the cyclization of 1,4- and 1,5-diketones /$cby Rakhshandeh Fathi-Afshar.
=264  \1$c[1981]
=264  \4$c1981
=300  \\$a1 online resource (vii, 89 pages) :$billustrations
=336  \\$atext$btxt$2rdacontent
=337  \\$acomputer$bc$2rdamedia
=338  \\$aonline resource$bcr$2rdacarrier
=500  \\$a"A thesis submitted to the Faculty of Graduate Studies and Research in partial fulfilment of the requirements for the degree of Master of Science, Department of Chemistry."
=502  \\$bM. Sc.$cUniversity of Alberta$d1981.
=504  \\$aIncludes bibliographical references (pages 84-89).
=650  \0$aRing formation (Chemistry)
=650  \0$aKetones.
=710  2\$aUniversity of Alberta.$bDepartment of Chemistry.
=900  \\$aMK53907
=949  \\$zUAIN$zETHESIS

