=LDR  01167ntm a22003131i 4500
=001  uab09273580
=003  UAB
=005  20140929121029.0
=006  m|||||o||d||||||||
=007  cr||||||||||||
=008  140929t19811981xx\a\\\\obm\\\000\0\eng\d
=040  \\$aUAB$beng$erda$cUAB
=050  \4$aQA251.35$b.G55 1981
=090  \\$aInternet Access$bAEU
=100  1\$aGiles, Brett Gordon,$eauthor.
=245  14$aThe unit groups of certain group rings /$cby Brett Gordon Giles.
=264  \1$c[1981]
=264  \4$c1981
=300  \\$a1 online resource (vi, 35 pages) :$billustrations
=336  \\$atext$btxt$2rdacontent
=337  \\$acomputer$bc$2rdamedia
=338  \\$aonline resource$bcr$2rdacarrier
=500  \\$a"A thesis submitted to the Faculty of Graduate Studies and Research in partial fulfilment of the requirements for the degree of Master of Science in Mathematics, Department of Mathematics."
=502  \\$bM. Sc.$cUniversity of Alberta$d1981.
=504  \\$aIncludes bibliographical references (page 35).
=650  \0$aUnit groups (Ring theory)
=650  \0$aGroup rings.
=710  2\$aUniversity of Alberta.$bDepartment of Mathematics.
=900  \\$aMK53922
=949  \\$zUAIN$zETHESIS

