=LDR  01353ntm a22003251i 4500
=001  uab09273817
=003  UAB
=005  20140930100508.0
=006  m|||||o||d||||||||
=007  cr||||||||||||
=008  140930t19811981xx\abdf\obm\\\000\0\eng\d
=040  \\$aUAB$beng$erda$cUAB
=050  \4$aQL398.C5$bH37 1981
=090  \\$aInternet Access$bAEU
=100  1\$aHarvell, C. Drew,$d1954-$eauthor.
=245  14$aThe larval behavior, life history traits, and adaptations to predation and competition of Dendrobeania lichenoides (Bryozoa, Cheilostomata) /$cby Catherine Drew Harvell.
=264  \1$c[1981]
=264  \4$c1981
=300  \\$a1 online resource (xiii, 71 pages, 13 unnumbered leaves of plates) :$billustrations, maps
=336  \\$atext$btxt$2rdacontent
=337  \\$acomputer$bc$2rdamedia
=338  \\$aonline resource$bcr$2rdacarrier
=500  \\$a"A thesis submitted to the Faculty of Graduate Studies and Research in partial fulfillment of the requirements for the degree of Master of Science, Department of Zoology."
=502  \\$bM. Sc.$cUniversity of Alberta$d1981.
=504  \\$aIncludes bibliographical references (pages [60]-71).
=650  \0$aCheilostomata.
=650  \0$aCheilostomata$xLarvae$xBehavior.
=650  \0$aCheilostomata$xPredators of.
=710  2\$aUniversity of Alberta.$bDepartment of Zoology.
=900  \\$aMK53934
=949  \\$zUAIN$zETHESIS

