=LDR  01165ntm a22003011i 4500
=001  uab09273822
=003  UAB
=005  20140930101141.0
=006  m|||||o||d||||||||
=007  cr||||||||||||
=008  140930t19811981xx\\\\\\obm\\\000\0\eng\d
=040  \\$aUAB$beng$erda$cUAB
=050  \4$aRC862.E52$bH63 1981
=090  \\$aInternet Access$bAEU
=100  1\$aHodges, Phyllis Ellen,$eauthor.
=245  10$aNutritional assessment of outpatients with Crohn's disease /$cby Phyllis Ellen Hodges.
=264  \1$c[1981]
=264  \4$c1981
=300  \\$a1 online resource (xviii, 194 pages)
=336  \\$atext$btxt$2rdacontent
=337  \\$acomputer$bc$2rdamedia
=338  \\$aonline resource$bcr$2rdacarrier
=500  \\$a"A thesis submitted to the Faculty of Graduate Studies and Research in partial fulfilment of the requirements for the degree of Master of Science in Nutrition, Faculty of Home Economics."
=502  \\$bM. Sc.$cUniversity of Alberta$d1981.
=504  \\$aIncludes bibliographical references (pages 150-160).
=650  \0$aCrohn's disease$xNutritional aspects.
=710  2\$aUniversity of Alberta.$bFaculty of Home Economics.
=900  \\$aMK53940
=949  \\$zUAIN$zETHESIS

