=LDR  01227ntm a22003131i 4500
=001  uab09273838
=003  UAB
=005  20140930104342.0
=006  m|||||o||d||||||||
=007  cr||||||||||||
=008  140930t19811981xx\\\\\\obm\\\000\0deng\d
=040  \\$aUAB$beng$erda$cUAB
=050  \4$aB2799.J8$bK37 1981
=090  \\$aInternet Access$bAEU
=100  1\$aKashiyama, Paul,$eauthor.
=245  10$aToward a 'transcendence' of human reason :$ban analysis of the significance of Kant's theory of taste /$cby Paul Kashiyama.
=264  \1$c[1981]
=264  \4$c1981
=300  \\$a1 online resource (ix, 69 pages)
=336  \\$atext$btxt$2rdacontent
=337  \\$acomputer$bc$2rdamedia
=338  \\$aonline resource$bcr$2rdacarrier
=500  \\$a"A thesis submitted to the Faculty of Graduate Studies and Research in partial fulfilment of the requirements for the degree of Master of Arts, Department of Philosophy."
=502  \\$bM.A.$cUniversity of Alberta$d1981.
=504  \\$aIncludes bibliographical references (pages 67-69).
=600  10$aKant, Immanuel,$d1724-1804$xCriticism and interpretation.
=650  \0$aJudgment (Aesthetics)
=710  2\$aUniversity of Alberta.$bDepartment of Philosophy.
=900  \\$aMK53954
=949  \\$zUAIN$zETHESIS

