=LDR  01168ntm a22003011i 4500
=001  uab09273842
=003  UAB
=005  20140930105706.0
=006  m|||||o||d||||||||
=007  cr||||||||||||
=008  140930t19811981xx\adf\\obm\\\000\0\eng\d
=040  \\$aUAB$beng$erda$cUAB
=050  \4$aTK1005$b.K56 1981
=090  \\$aInternet Access$bAEU
=100  1\$aKing, Joel Oscrete,$eauthor.
=245  10$aPower system worth analysis :$ba proposed method /$cby Joel Oscrete King.
=264  \1$c[1981]
=264  \4$c1981
=300  \\$a1 online resource (xi, 111 pages) :$billustrations
=336  \\$atext$btxt$2rdacontent
=337  \\$acomputer$bc$2rdamedia
=338  \\$aonline resource$bcr$2rdacarrier
=500  \\$a"A thesis submitted to the Faculty of Graduate Studies and Research in partial fulfilment of the requirements for the degree of Master of Science, Department of Electrical Engineering."
=502  \\$bM. Sc.$cUniversity of Alberta$d1981.
=504  \\$aIncludes bibliographical references (pages 94-101).
=650  \0$aElectric power systems$xReliability.
=710  2\$aUniversity of Alberta.$bDepartment of Electrical Engineering.
=900  \\$aMK53957
=949  \\$zUAIN$zETHESIS

