=LDR  01193ntm a22003131i 4500
=001  uab09273910
=003  UAB
=005  20140930132045.0
=006  m|||||o||d||||||||
=007  cr||||||||||||
=008  140930t19811981xx\df\\\obm\\\000\0\eng\d
=040  \\$aUAB$beng$erda$cUAB
=050  \4$aQH585.5.C44$bT87 1981
=090  \\$aInternet Access$bAEU
=100  1\$aTurner, M. Joan Allalunis,$eauthor.
=245  10$aIsolation of a hypoxic sub-population of bone marrow stem cells /$cby M. Joan Allalunis Turner.
=264  \1$c[1981]
=264  \4$c1981
=300  \\$a1 online resource (ix, 68 pages) :$billustrations
=336  \\$atext$btxt$2rdacontent
=337  \\$acomputer$bc$2rdamedia
=338  \\$aonline resource$bcr$2rdacarrier
=500  \\$a"A thesis submitted to the Faculty of Graduate Studies and Research in partial fulfilment of the requirements for the degree of Master of Science, Department of Medicine."
=502  \\$bM. Sc.$cUniversity of Alberta$d1981.
=504  \\$aIncludes bibliographical references (pages 62-68).
=650  \0$aCell separation.
=650  \0$aHematopoietic stem cells.
=710  2\$aUniversity of Alberta.$bDepartment of Medicine.
=900  \\$aMK54062
=949  \\$zUAIN$zETHESIS

