=LDR  01228ntm a22003251i 4500
=001  uab09273941
=003  UAB
=005  20140930135401.0
=006  m|||||o||d||||||||
=007  cr||||||||||||
=008  140930t19811981xx\af\\\obm\\\000\0\eng\d
=040  \\$aUAB$beng$erda$cUAB
=043  \\$an-cn---
=050  \4$aD547.C2$bW53 1981
=090  \\$aInternet Access$bAEU
=100  1\$aWiber, Melanie,$eauthor.
=245  14$aThe Royal Canadian Legion :$ba new perspective on voluntary associations /$cby Melanie Wiber.
=264  \1$c[1981]
=264  \4$c1981
=300  \\$a1 online resource (xi, 141 pages) :$billustrations
=336  \\$atext$btxt$2rdacontent
=337  \\$acomputer$bc$2rdamedia
=338  \\$aonline resource$bcr$2rdacarrier
=500  \\$a"A thesis submitted to the Faculty of Graduate Studies and Research in partial fulfilment of the requirements for the degree of Master of Arts, Department of Anthropology."
=502  \\$bM.A.$cUniversity of Alberta$d1981.
=504  \\$aIncludes bibliographical references (pages 133-141).
=610  20$aRoyal Canadian Legion.
=650  \0$aAssociations, institutions, etc.$zCanada.
=710  2\$aUniversity of Alberta.$bDepartment of Anthropology.
=900  \\$aMK54077
=949  \\$zUAIN$zETHESIS

