=LDR  01098ntm a22003011i 4500
=001  uab09273963
=003  UAB
=005  20140930142026.0
=006  m|||||o||d||||||||
=007  cr||||||||||||
=008  140930t19811981xx\\\\\\obm\\\000\0\eng\d
=040  \\$aUAB$beng$erda$cUAB
=050  \4$aQA174.2$b.Y68 1981
=090  \\$aInternet Access$bAEU
=100  1\$aYousif, M. F.$q(Mohamed F.),$eauthor.
=245  10$aIsolators in polycyclic groups /$cby Mohamed F. Yousif.
=264  \1$c[1981]
=264  \4$c1981
=300  \\$a1 online resource (vi, 34 pages)
=336  \\$atext$btxt$2rdacontent
=337  \\$acomputer$bc$2rdamedia
=338  \\$aonline resource$bcr$2rdacarrier
=500  \\$a"A thesis submitted to the Faculty of Graduate Studies and Research in partial fulfillment of the requirements for the degree of Master of Science, Department of Mathematics."
=502  \\$bM. Sc.$cUniversity of Alberta$d1981.
=504  \\$aIncludes bibliographical references (page 34).
=650  \0$aPolycyclic groups.
=710  2\$aUniversity of Alberta.$bDepartment of Mathematics.
=900  \\$aMK54084
=949  \\$zUAIN$zETHESIS



