=LDR  01142ntm a22003131i 4500
=001  uab09274334
=003  UAB
=005  20141001113058.0
=006  m|||||o||d||||||||
=007  cr||||||||||||
=008  141001t19681968xx\adf\\obm\\\000\0\eng\d
=040  \\$aUAB$beng$erda$cUAB
=050  \4$aQP603.I54$bB76 1968
=090  \\$aInternet Access$bAEU
=100  1\$aBrox, Larry,$eauthor.
=245  10$aStudies on IMP dehydrogenase and GMP reductase /$cby Larry Brox.
=264  \1$c[1968]
=264  \4$c1968
=300  \\$a1 online resource (xiii, 148 pages) :$billustrations
=336  \\$atext$btxt$2rdacontent
=337  \\$acomputer$bc$2rdamedia
=338  \\$aonline resource$bcr$2rdacarrier
=500  \\$a"A thesis submitted to the Faculty of Graduate Studies in partial fulfilment of the requirements for the degree of Doctor of Philosophy, Department of Biochemistry."
=502  \\$bPh. D.$cUniversity of Alberta$d1968.
=504  \\$aIncludes bibliographical references (pages 144-148).
=650  \0$aIMP dehydrogenase.
=650  \0$aOxidoreductases.
=710  2\$aUniversity of Alberta.$bDepartment of Biochemistry.
=900  \\$aNK03354
=949  \\$zUAIN$zETHESIS

