=LDR  01298ntm a22003371i 4500
=001  uab09274375
=003  UAB
=005  20141001121935.0
=006  m|||||o||d||||||||
=007  cr||||||||||||
=008  141001t19681968xx\adf\\obm\\\000\0\eng\d
=040  \\$aUAB$beng$erda$cUAB
=050  \4$aLB1059$b.C36 1968
=090  \\$aInternet Access$bAEU
=100  1\$aCampbell, Donald Roy,$eauthor.
=245  12$aA study of the relationship between discrimination response styles and the orienting response /$cby Donald Roy Campbell.
=264  \1$c[1968]
=264  \4$c1968
=300  \\$a1 online resource (x, 123 pages) :$billustrations
=336  \\$atext$btxt$2rdacontent
=337  \\$acomputer$bc$2rdamedia
=338  \\$aonline resource$bcr$2rdacarrier
=500  \\$a"A thesis submitted to the Faculty of Graduate Studies in partial fulfilment of the requirements for the degree of Doctor of Philosophy, Department of Educational Psychology."
=502  \\$bPh. D.$cUniversity of Alberta$d1968.
=504  \\$aIncludes bibliographical references (pages [112]-118).
=650  \0$aDiscrimination learning.
=650  \0$aOrientation (Psychology)
=650  \0$aImpulse.
=650  \0$aCritical thinking.
=710  2\$aUniversity of Alberta.$bDepartment of Educational Psychology.
=900  \\$aNK03360
=949  \\$zUAIN$zETHESIS

