=LDR  01206ntm a22003131i 4500
=001  uab09274382
=003  UAB
=005  20141001123110.0
=006  m|||||o||d||||||||
=007  cr||||||||||||
=008  141001t19681968xx\df\\\obm\\\000\0\eng\d
=040  \\$aUAB$beng$erda$cUAB
=050  \4$aQC718.5.H5$bC37 1968
=090  \\$aInternet Access$bAEU
=100  1\$aCapjack, Clarence E.,$eauthor.
=245  10$aDifference frequency harmonic ion heating using whistler modes /$cby Clarence E. Capjack.
=264  \1$c[1968]
=264  \4$c1968
=300  \\$a1 online resource (xii, 136 pages) :$billustrations
=336  \\$atext$btxt$2rdacontent
=337  \\$acomputer$bc$2rdamedia
=338  \\$aonline resource$bcr$2rdacarrier
=500  \\$a"A thesis submitted to the Faculty of Graduate Studies in partial fulfilment of the requirements for the degree of Doctor of Philosophy, Department of Electrical Engineering."
=502  \\$bPh. D.$cUniversity of Alberta$d1968.
=504  \\$aIncludes bibliographical references (pages 128-131).
=650  \0$aPlasma heating.
=650  \0$aWhistlers (Radio meteorology)
=710  2\$aUniversity of Alberta.$bDepartment of Electrical Engineering.
=900  \\$aNK03361
=949  \\$zUAIN$zETHESIS

