=LDR  01225ntm a22003251i 4500
=001  uab09274424
=003  UAB
=005  20141001140805.0
=006  m|||||o||d||||||||
=007  cr||||||||||||
=008  141001t19681968xx\df\\\obm\\\000\0\eng\d
=040  \\$aUAB$beng$erda$cUAB
=050  \4$aQC145.45.H4$bB76 1968
=090  \\$aInternet Access$bAEU
=100  1\$aBrouwer, Wytze,$eauthor.
=245  14$aThe surface tension and transition temperature depression in liquid helium systems /$cby Wytze Brouwer.
=264  \1$c[1968]
=264  \4$c1968
=300  \\$a1 online resource (1 volume (various pagings)) :$billustrations
=336  \\$atext$btxt$2rdacontent
=337  \\$acomputer$bc$2rdamedia
=338  \\$aonline resource$bcr$2rdacarrier
=500  \\$a"A thesis submitted to the Faculty of Graduate Studies in partial fulfillment of the requirements for the degree of Doctor of Philosophy, Department of Physics."
=502  \\$bPh. D.$cUniversity of Alberta$d1968.
=504  \\$aIncludes bibliographical references (pages B.1-B.7).
=650  \0$aLiquid helium$xSurfaces.
=650  \0$aSurface tension.
=650  \0$aSuperfluidity.
=710  2\$aUniversity of Alberta.$bDepartment of Physics.
=900  \\$aNK03359
=949  \\$zUAIN$zETHESIS

