=LDR  01228ntm a22003251i 4500
=001  uab09274699
=003  UAB
=005  20141002110013.0
=006  m|||||o||d||||||||
=007  cr||||||||||||
=008  141002t19701970xx\adf\\obm\\\000\0\eng\d
=040  \\$aUAB$beng$erda$cUAB
=050  \4$aQP321.5$b.B38 1970
=090  \\$aInternet Access$bAEU
=100  1\$aBatra, Satish,$eauthor.
=245  10$aCation exchange and binding in smooth muscle /$cby Satish Batra.
=264  \1$c[1970]
=264  \4$c1970
=300  \\$a1 online resource (xv, 55, 55a, 56-208 pages) :$billustrations
=336  \\$atext$btxt$2rdacontent
=337  \\$acomputer$bc$2rdamedia
=338  \\$aonline resource$bcr$2rdacarrier
=500  \\$a"A thesis submitted to the Faculty of Graduate Studies in partial fulfilment of the requirements for the degree of Doctor of Philosophy, Department of Pharmacology."
=502  \\$bPh. D.$cUniversity of Alberta$d1970.
=504  \\$aIncludes bibliographical references (pages 174-208).
=590  \\$aLibrary copy imperfect: pages 102-107 scanned twice; page 175 missing.
=650  \0$aSmooth muscle.
=650  \0$aCations.
=710  2\$aUniversity of Alberta.$bDepartment of Pharmacology.
=900  \\$aNK06188
=949  \\$zUAIN$zETHESIS

