=LDR  01188ntm a22003131i 4500
=001  uab09274723
=003  UAB
=005  20141002115135.0
=006  m|||||o||d||||||||
=007  cr||||||||||||
=008  141002t19701970xx\adf\\obm\\\000\0\eng\d
=040  \\$aUAB$beng$erda$cUAB
=050  \4$aQD181.C2$bB64 1970
=090  \\$aInternet Access$bAEU
=100  1\$aBogaards, Jan Jacobus Willem,$eauthor.
=245  14$aThe Ca(d,p)Ca reaction /$cby Jan Jacobus Willem Bogaards.
=264  \1$c[1970]
=264  \4$c1970
=300  \\$a1 online resource (9 unnumbered pages, 105 pages) :$billustrations
=336  \\$atext$btxt$2rdacontent
=337  \\$acomputer$bc$2rdamedia
=338  \\$aonline resource$bcr$2rdacarrier
=500  \\$a"A thesis submitted to the Faculty of Graduate Studies in partial fulfillment of the requirements for the degree of Doctor of Philosophy, Department of Physics."
=502  \\$bPh. D.$cUniversity of Alberta$d1970.
=504  \\$aIncludes bibliographical references (pages [84]-87).
=650  \0$aCalcium$xIsotopes.
=650  \0$aStripping reaction (Nuclear physics)
=710  2\$aUniversity of Alberta.$bDepartment of Physics.
=900  \\$aNK06192
=949  \\$zUAIN$zETHESIS

