=LDR  01122ntm a22003131i 4500
=001  uab09274724
=003  UAB
=005  20141002115345.0
=006  m|||||o||d||||||||
=007  cr||||||||||||
=008  141002t19701970xx\abdf\obm\\\000\0\eng\d
=040  \\$aUAB$beng$erda$cUAB
=043  \\$an-cn---
=050  \4$aQE539.2.M5$bC43 1970
=090  \\$aInternet Access$bAEU
=100  1\$aChandra, N. Naveena,$eauthor.
=245  10$aMicroseisms in Canada /$cby N. Naveena Chandra.
=264  \1$c[1970]
=264  \4$c1970
=300  \\$a1 online resource (v, 103 pages) :$billustrations, maps
=336  \\$atext$btxt$2rdacontent
=337  \\$acomputer$bc$2rdamedia
=338  \\$aonline resource$bcr$2rdacarrier
=500  \\$a"A thesis submitted to the Faculty of Graduate Studies in partial fulfilment of the requirements for the degree of Doctor of Philosophy, Department of Physics."
=502  \\$bPh. D.$cUniversity of Alberta$d1970.
=504  \\$aIncludes bibliographical references (pages [100]-103).
=650  \0$aMicroseisms$zCanada.
=710  2\$aUniversity of Alberta.$bDepartment of Physics.
=900  \\$aNK06193
=949  \\$zUAIN$zETHESIS

