=LDR  01202ntm a22003251i 4500
=001  uab09274728
=003  UAB
=005  20141002115607.0
=006  m|||||o||d||||||||
=007  cr||||||||||||
=008  141002t19701970xx\\\\\\obm\\\000\0\eng\d
=040  \\$aUAB$beng$erda$cUAB
=050  \4$aQA10.3$b.C45 1970
=090  \\$aInternet Access$bAEU
=100  0\$aChinthayamma,$eauthor.
=245  10$aIndependent sets of postulates for boolean algebras, distributive lattices, and general lattices /$cby Chinthayamma.
=264  \1$c[1970]
=264  \4$c1970
=300  \\$a1 online resource (iii, 99 pages)
=336  \\$atext$btxt$2rdacontent
=337  \\$acomputer$bc$2rdamedia
=338  \\$aonline resource$bcr$2rdacarrier
=500  \\$a"A thesis submitted to the Faculty of Graduate Studies in partial fulfilment of the requirements for the degree of Doctor of Philosophy, Department of Mathematics."
=502  \\$bPh. D.$cUniversity of Alberta$d1970.
=504  \\$aIncludes bibliographical references (pages [98]-99).
=650  \0$aAlgebra, Boolean.
=650  \0$aForms, Ternary.
=650  \0$aLattice theory.
=710  2\$aUniversity of Alberta.$bDepartment of Mathematics.
=900  \\$aNK06194
=949  \\$zUAIN$zETHESIS

