=LDR  01169ntm a22003131i 4500
=001  uab09274736
=003  UAB
=005  20141002120507.0
=006  m|||||o||d||||||||
=007  cr||||||||||||
=008  141002t19701970xx\adf\\obm\\\000\0\eng\d
=040  \\$aUAB$beng$erda$cUAB
=050  \4$aQD305.A4$bE27 1970
=090  \\$aInternet Access$bAEU
=100  1\$aEarl, Robert A.,$eauthor.
=245  10$aStudies related to the synthesis of alcohols and amines from ulosides /$cby Robert A. Earl.
=264  \1$c[1970]
=264  \4$c1970
=300  \\$a1 online resource (xvi, 154 pages) :$billustrations
=336  \\$atext$btxt$2rdacontent
=337  \\$acomputer$bc$2rdamedia
=338  \\$aonline resource$bcr$2rdacarrier
=500  \\$a"A thesis submitted to the Faculty of Graduate Studies in partial fulfilment of the requirements for the degree of Doctor of Philosophy, Department of Chemistry."
=502  \\$bPh. D.$cUniversity of Alberta$d1970.
=504  \\$aIncludes bibliographical references (pages 150-154).
=650  \0$aAlcohols$xSynthesis.
=650  \0$aAmines$xSynthesis.
=710  2\$aUniversity of Alberta.$bDepartment of Chemistry.
=900  \\$aNK06200
=949  \\$zUAIN$zETHESIS

