=LDR  01121ntm a22003131i 4500
=001  uab09274741
=003  UAB
=005  20141002121134.0
=006  m|||||o||d||||||||
=007  cr||||||||||||
=008  141002t19701970xx\\\\\\obm\\\000\0\eng\d
=040  \\$aUAB$beng$erda$cUAB
=050  \4$aBF175.5.I43$bE95 1970
=090  \\$aInternet Access$bAEU
=100  1\$aEylon, Yizhar,$eauthor.
=245  10$aWarmth, competence, and identification /$cby Yizhar Eylon.
=264  \1$c[1970]
=264  \4$c1970
=300  \\$a1 online resource (vii, 84 pages)
=336  \\$atext$btxt$2rdacontent
=337  \\$acomputer$bc$2rdamedia
=338  \\$aonline resource$bcr$2rdacarrier
=500  \\$a"A thesis submitted to the Faculty of Graduate Studies in partial fulfillment of the requirements for the degree of Doctor of Philosophy, Department of Psychology."
=502  \\$bPh. D.$cUniversity of Alberta$d1970.
=504  \\$aIncludes bibliographical references (pages 57-63).
=650  \0$aIdentification (Psychology)
=650  \0$aPerformance.
=710  2\$aUniversity of Alberta.$bDepartment of Psychology.
=900  \\$aNK06203
=949  \\$zUAIN$zETHESIS

