=LDR  01239ntm a22003131i 4500
=001  uab09274745
=003  UAB
=005  20141002121700.0
=006  m|||||o||d||||||||
=007  cr||||||||||||
=008  141002t19701970xx\adf\\obm\\\000\0\eng\d
=040  \\$aUAB$beng$erda$cUAB
=050  \4$aQD305.A7$bH56 1970
=090  \\$aInternet Access$bAEU
=100  1\$aHindmarsh, Kenneth Wayne,$eauthor.
=245  14$aThe preparation and properties of new cyclic hydroxamic acids /$cby Kenneth Wayne Hindmarsh, B.S.P., M. Sc.
=264  \1$c[1970]
=264  \4$c1970
=300  \\$a1 online resource (xiii, 223 pages) :$billustrations
=336  \\$atext$btxt$2rdacontent
=337  \\$acomputer$bc$2rdamedia
=338  \\$aonline resource$bcr$2rdacarrier
=500  \\$a"A thesis submitted to the Faculty of Graduate Studies in partial fulfilment of the requirements for the degree of Doctor of Philosophy, Faculty of Pharmacy and Pharmaceutical Sciences."
=502  \\$bPh. D.$cUniversity of Alberta$d1970.
=504  \\$aIncludes bibliographical references (pages 216-223).
=650  \0$aHydroxamic acids.
=650  \0$aCyclic compounds.
=710  2\$aUniversity of Alberta.$bFaculty of Pharmacy and Pharmaceutical Sciences.
=900  \\$aNK06209
=949  \\$zUAIN$zETHESIS

