=LDR  01167ntm a22003131i 4500
=001  uab09274747
=003  UAB
=005  20141002122005.0
=006  m|||||o||d||||||||
=007  cr||||||||||||
=008  141002t19701970xx\adf\\obm\\\000\0\eng\d
=040  \\$aUAB$beng$erda$cUAB
=050  \4$aQL536$b.H83 1970
=090  \\$aInternet Access$bAEU
=100  1\$aHuang, Chau-Ting,$eauthor.
=245  10$aVertebrate serum inhibitors of Aedes aegypti (L.) trypsin /$cby Chau-Ting Huang.
=264  \1$c[1970]
=264  \4$c1970
=300  \\$a1 online resource (13 unnumbered pages, 96 pages) :$billustrations
=336  \\$atext$btxt$2rdacontent
=337  \\$acomputer$bc$2rdamedia
=338  \\$aonline resource$bcr$2rdacarrier
=500  \\$a"A thesis submitted to the Faculty of Graduate Studies in partial fulfilment of the requirements for the degree of Doctor of Philosophy, Department of Entomology."
=502  \\$bPh. D.$cUniversity of Alberta$d1970.
=504  \\$aIncludes bibliographical references (pages 80-96).
=650  \0$aAedes aegypti.
=650  \0$aTrypsin inhibitors.
=710  2\$aUniversity of Alberta.$bDepartment of Entomology.
=900  \\$aNK06210
=949  \\$zUAIN$zETHESIS

