=LDR  01340ntm a22003491i 4500
=001  uab09274755
=003  UAB
=005  20141002123225.0
=006  m|||||o||d||||||||
=007  cr||||||||||||
=008  141002t19701970xx\df\\\obm\\\000\0\eng\d
=040  \\$aUAB$beng$erda$cUAB
=043  \\$aa-pk---
=050  \4$aHC440.5$b.H87 1970
=090  \\$aInternet Access$bAEU
=100  1\$aHuq, Mohammad Obaidul,$eauthor.
=245  10$aPublic policy in Pakistan :$ba content analysis /$cby Mohammad Obaidul Huq.
=264  \1$c[1970]
=264  \4$c1970
=300  \\$a1 online resource (xv, 387 pages) :$billustrations
=336  \\$atext$btxt$2rdacontent
=337  \\$acomputer$bc$2rdamedia
=338  \\$aonline resource$bcr$2rdacarrier
=500  \\$a"A thesis submitted to the Faculty of Graduate Studies in partial fulfilment of the requirements for the degree of Doctor of Philosophy, Department of Political Science."
=502  \\$bPh. D.$cUniversity of Alberta$d1970.
=504  \\$aIncludes bibliographical references (pages 362-387).
=590  \\$aLibrary copy imperfect: pages 224-227 scanned twice.
=650  \0$aEconomic development$zPakistan.
=650  \0$aSocial planning$zPakistan.
=650  \0$aEcology$xGovernment policy$zPakistan.
=710  2\$aUniversity of Alberta.$bDepartment of Political Science.
=900  \\$aNK06211
=949  \\$zUAIN$zETHESIS

