=LDR  01203ntm a22003131i 4500
=001  uab09274763
=003  UAB
=005  20141002125344.0
=006  m|||||o||d||||||||
=007  cr||||||||||||
=008  141002t19701970xx\adf\\obm\\\000\0\eng\d
=040  \\$aUAB$beng$erda$cUAB
=050  \4$aRM666.A5$bI86 1970
=090  \\$aInternet Access$bAEU
=100  1\$aIson, Robin Robert,$eauthor.
=245  10$aStereochemical studies of antihistaminic agents /$cby Robin Robert Ison, A.R.I.C.
=264  \1$c[1970]
=264  \4$c1970
=300  \\$a1 online resource (xiv, 331 pages) :$billustrations
=336  \\$atext$btxt$2rdacontent
=337  \\$acomputer$bc$2rdamedia
=338  \\$aonline resource$bcr$2rdacarrier
=500  \\$a"A thesis submitted to the Faculty of Graduate Studies in partial fulfilment of the requirements for the degree of Doctor of Philosophy, Faculty of Pharmacy and Pharmaceutical Sciences."
=502  \\$bPh. D.$cUniversity of Alberta$d1970.
=504  \\$aIncludes bibliographical references (pages 322-331).
=650  \0$aAntihistamines.
=650  \0$aStereochemistry.
=710  2\$aUniversity of Alberta.$bFaculty of Pharmacy and Pharmaceutical Sciences.
=900  \\$aNK06214
=949  \\$zUAIN$zETHESIS

