=LDR  01222ntm a22003251i 4500
=001  uab09274765
=003  UAB
=005  20141002125621.0
=006  m|||||o||d||||||||
=007  cr||||||||||||
=008  141002t19701970xx\adf\\obm\\\000\0\eng\d
=040  \\$aUAB$beng$erda$cUAB
=050  \4$aQP603.C3$bJ35 1970
=090  \\$aInternet Access$bAEU
=100  1\$aJajczay, Fred Louis,$eauthor.
=245  10$aChemical modification of catalase and myoglobin /$cby Fred Louis Jajczay.
=264  \1$c[1970]
=264  \4$c1970
=300  \\$a1 online resource (xi, 124 pages, 82 unnumbered leaves of plates) :$billustrations
=336  \\$atext$btxt$2rdacontent
=337  \\$acomputer$bc$2rdamedia
=338  \\$aonline resource$bcr$2rdacarrier
=500  \\$a"A thesis submitted to the Faculty of Graduate Studies in partial fulfilment of the requirements for the degree of Doctor of Philosophy, Department of Biochemistry."
=502  \\$bPh. D.$cUniversity of Alberta$d1970.
=504  \\$aIncludes bibliographical references (pages 106-117).
=650  \0$aCatalase.
=650  \0$aMyoglobin.
=650  \0$aProteins$xChemical modification.
=710  2\$aUniversity of Alberta.$bDepartment of Biochemistry.
=900  \\$aNK06215
=949  \\$zUAIN$zETHESIS

