=LDR  01257ntm a22003371i 4500
=001  uab09274774
=003  UAB
=005  20141002130950.0
=006  m|||||o||d||||||||
=007  cr||||||||||||
=008  141002t19701970xx\adf\\obm\\\000\0\eng\d
=040  \\$aUAB$beng$erda$cUAB
=050  \4$aQC174.85.I8$bL48 1970
=090  \\$aInternet Access$bAEU
=100  1\$aLeu, Joseph Allen,$eauthor.
=245  14$aThe three dimensional Ising model on a triple of related lattices /$cby Joseph Allen Leu.
=264  \1$c[1970]
=264  \4$c1970
=300  \\$a1 online resource (xii, 270 pages) :$billustrations
=336  \\$atext$btxt$2rdacontent
=337  \\$acomputer$bc$2rdamedia
=338  \\$aonline resource$bcr$2rdacarrier
=500  \\$a"A thesis submitted to the Faculty of Graduate Studies in partial fulfillment of the requirements for the degree of Doctor of Philosophy, Department of Physics."
=502  \\$bPh. D.$cUniversity of Alberta$d1970.
=504  \\$aIncludes bibliographical references (pages 267-270).
=590  \\$aLibrary copy imperfect: page 249 lacking.
=650  \0$aIsing model.
=650  \0$aFerromagnetic materials.
=650  \0$aLattice theory.
=710  2\$aUniversity of Alberta.$bDepartment of Physics.
=900  \\$aNK06219
=949  \\$zUAIN$zETHESIS

