=LDR  01205ntm a22003131i 4500
=001  uab09274778
=003  UAB
=005  20141002133155.0
=006  m|||||o||d||||||||
=007  cr||||||||||||
=008  141002t19701970xx\abdf\obm\\\000\0\eng\d
=040  \\$aUAB$beng$erda$cUAB
=043  \\$an-cn-ab
=050  \4$aQL430.5.P48$bM67 1970
=090  \\$aInternet Access$bAEU
=100  1\$aMorris, J. Robert,$eauthor.
=245  13$aAn ecological study of the basommatophoran snail Helisoma trivolvis in central Alberta /$cby J. Robert Morris.
=264  \1$c[1970]
=264  \4$c1970
=300  \\$a1 online resource (13 unnumbered pages, 120 pages) :$billustrations, maps
=336  \\$atext$btxt$2rdacontent
=337  \\$acomputer$bc$2rdamedia
=338  \\$aonline resource$bcr$2rdacarrier
=500  \\$a"A thesis submitted to the Faculty of Graduate Studies in partial fulfilment of the requirements for the degree of Doctor of Philosophy, Department of Zoology."
=502  \\$bPh. D.$cUniversity of Alberta$d1970.
=504  \\$aIncludes bibliographical references (pages 94-98).
=650  \0$aHelisoma$xEcology$zAlberta.
=710  2\$aUniversity of Alberta.$bDepartment of Zoology.
=900  \\$aNK06225
=949  \\$zUAIN$zETHESIS

