=LDR  01213ntm a22003251i 4500
=001  uab09274797
=003  UAB
=005  20141002135227.0
=006  m|||||o||d||||||||
=007  cr||||||||||||
=008  141002t19701970xx\adf\\obm\\\000\0\eng\d
=040  \\$aUAB$beng$erda$cUAB
=050  \4$aQL638.S2$bN34 1970
=090  \\$aInternet Access$bAEU
=100  1\$aNag, Asish Chandra,$eauthor.
=245  10$aFunctional morphology of the caudal region of a teleostean fish, Salmo gairdneri /$cby Asish Chandra Nag.
=264  \1$c[1970]
=264  \4$c1970
=300  \\$a1 online resource (iii, 147 pages) :$billustrations
=336  \\$atext$btxt$2rdacontent
=337  \\$acomputer$bc$2rdamedia
=338  \\$aonline resource$bcr$2rdacarrier
=500  \\$a"A thesis submitted to the Faculty of Graduate Studies in partial fulfilment of the requirements for the degree of Doctor of Philosophy, Department of Zoology."
=502  \\$bPh. D.$cUniversity of Alberta$d1970.
=504  \\$aIncludes bibliographical references (pages 65-76).
=650  \0$aRainbow trout$xMorphology.
=650  \0$aTail.
=650  \0$aMusculoskeletal system.
=710  2\$aUniversity of Alberta.$bDepartment of Zoology.
=900  \\$aNK06227
=949  \\$zUAIN$zETHESIS

