=LDR  01444ntm a22003611i 4500
=001  uab09274879
=003  UAB
=005  20141002151351.0
=006  m|||||o||d||||||||
=007  cr||||||||||||
=008  141002t19701970xx\abf\\obm\\\000\0\eng\d
=040  \\$aUAB$beng$erda$cUAB
=043  \\$an-cn-ab$an-cn-bc
=050  \4$aQL518.R4$bN56 1970
=090  \\$aInternet Access$bAEU
=100  1\$aNimmo, Andrew P.,$eauthor.
=245  14$aThe adult Rhyacophilidae and Limnephilidae (Trichoptera) of Alberta and eastern British Columbia with an examination of the post-glacial origins of the fauna /$cby Andrew Peebles Nimmo.
=264  \1$c[1970]
=264  \4$c1970
=300  \\$a1 online resource (xl, 445 pages) :$billustrations, maps
=336  \\$atext$btxt$2rdacontent
=337  \\$acomputer$bc$2rdamedia
=338  \\$aonline resource$bcr$2rdacarrier
=500  \\$a"A thesis submitted to the Faculty of Graduate Studies in partial fulfilment of the requirements for the degree of Doctor of Philosophy, Department of Entomology."
=502  \\$bPh. D.$cUniversity of Alberta$d1970.
=504  \\$aIncludes bibliographical references (pages 426-445).
=650  \0$aRhyacophilidae$zAlberta.
=650  \0$aRhyacophilidae$zBritish Columbia.
=650  \0$aLimnephilidae$zAlberta.
=650  \0$aLimnephilidae$zBritish Columbia.
=650  \0$aPhylogeography.
=710  2\$aUniversity of Alberta.$bDepartment of Entomology.
=900  \\$aNK06228
=949  \\$zUAIN$zETHESIS

