=LDR  01318ntm a22003251i 4500
=001  uab09274992
=003  UAB
=005  20141002175125.0
=006  m|||||o||d||||||||
=007  cr||||||||||||
=008  141002t19701970xx\adf\\obm\\\000\0\eng\d
=040  \\$aUAB$beng$erda$cUAB
=050  \4$aRM301.55$b.S59 1970
=090  \\$aInternet Access$bAEU
=100  1\$aShysh, Alexander,$eauthor.
=245  10$aStudies on the effects of whole-body gamma irradiation on some hepatic drug-metabolizing systems in mice /$cby Alexander Shysh.
=264  \1$c[1970]
=264  \4$c1970
=300  \\$a1 online resource (ix, 122 pages) :$billustrations
=336  \\$atext$btxt$2rdacontent
=337  \\$acomputer$bc$2rdamedia
=338  \\$aonline resource$bcr$2rdacarrier
=500  \\$a"A thesis submitted to the Faculty of Graduate Studies in partial fulfilment of the requirements for the degree of Doctor of Philosophy, Faculty of Pharmacy and Pharmaceutical Sciences."
=502  \\$bPh. D.$cUniversity of Alberta$d1970.
=504  \\$aIncludes bibliographical references (pages [103]-117).
=650  \0$aDrugs$xMetabolism$xEffect of radiation on.
=650  \0$aLiver$xEffect of radiation on.
=650  \0$aGamma rays.
=710  2\$aUniversity of Alberta.$bFaculty of Pharmacy and Pharmaceutical Sciences.
=900  \\$aNK06759
=949  \\$zUAIN$zETHESIS

