=LDR  01249ntm a22003371i 4500
=001  uab09275477
=003  UAB
=005  20141004100540.0
=006  m|||||o||d||||||||
=007  cr||||||||||||
=008  141004t19701970xx\\\\\\obm\\\000\0\eng\d
=040  \\$aUAB$beng$erda$cUAB
=050  \4$aBF723.C5$bV65 1970
=090  \\$aInternet Access$bAEU
=100  1\$aVolpe, Richard,$eauthor.
=245  10$aCognitive and social development in disabled and non-disabled children /$cby Richard Volpe.
=264  \1$c[1970]
=264  \4$c1970
=300  \\$a1 online resource (viii, 182 pages)
=336  \\$atext$btxt$2rdacontent
=337  \\$acomputer$bc$2rdamedia
=338  \\$aonline resource$bcr$2rdacarrier
=500  \\$a"A thesis submitted to the Faculty of Graduate Studies in partial fulfillment of the requirements for the degree of Doctor of Philosophy, Department of Sociology."
=502  \\$bPh. D.$cUniversity of Alberta$d1970.
=504  \\$aIncludes bibliographical references (pages [153]-164).
=650  \0$aChild development.
=650  \0$aChildren with disabilities$xDevelopment.
=650  \0$aCognition in children.
=650  \0$aSocial psychology.
=710  2\$aUniversity of Alberta.$bDepartment of Sociology.
=900  \\$aNK06763
=949  \\$zUAIN$zETHESIS

