=LDR  01182ntm a22003251i 4500
=001  uab09275479
=003  UAB
=005  20141004100728.0
=006  m|||||o||d||||||||
=007  cr||||||||||||
=008  141004t19701970xx\adf\\obm\\\000\0\eng\d
=040  \\$aUAB$beng$erda$cUAB
=050  \4$aQC233$b.W36 1970
=090  \\$aInternet Access$bAEU
=100  1\$aWanner, Rene,$eauthor.
=245  10$aMeasurements of the longitudinal sound velocity in single crystals of solid helium /$cby Rene Wanner.
=264  \1$c[1970]
=264  \4$c1970
=300  \\$a1 online resource (x, 139 pages) :$billustrations
=336  \\$atext$btxt$2rdacontent
=337  \\$acomputer$bc$2rdamedia
=338  \\$aonline resource$bcr$2rdacarrier
=500  \\$a"A thesis submitted to the Faculty of Graduate Studies in partial fulfilment of the requirements for the degree of Doctor of Philosophy, Department of Physics."
=502  \\$bPh. D.$cUniversity of Alberta$d1970.
=504  \\$aIncludes bibliographical references (pages 127-134).
=650  \0$aSound$xSpeed.
=650  \0$aSolid helium.
=650  \0$aCrystals.
=710  2\$aUniversity of Alberta.$bDepartment of Physics.
=900  \\$aNK06765
=949  \\$zUAIN$zETHESIS

