=LDR  01293ntm a22003371i 4500
=001  uab09275480
=003  UAB
=005  20141004100904.0
=006  m|||||o||d||||||||
=007  cr||||||||||||
=008  141004t19701970xx\adf\\obm\\\000\0\eng\d
=040  \\$aUAB$beng$erda$cUAB
=050  \4$aBF337.A92$bY48 1970
=090  \\$aInternet Access$bAEU
=100  1\$aYeudall, Lorne T.,$eauthor.
=245  14$aThe effect of methylphenidate and amygdalectomy on active avoidance performance in the rat /$cby Lorne T. Yeudall.
=264  \1$c[1970]
=264  \4$c1970
=300  \\$a1 online resource (viii, 86 pages) :$billustrations
=336  \\$atext$btxt$2rdacontent
=337  \\$acomputer$bc$2rdamedia
=338  \\$aonline resource$bcr$2rdacarrier
=500  \\$a"A thesis submitted to the Faculty of Graduate Studies in partial fulfillment of the requirements for the degree of Doctor of Philosophy, Department of Psychology."
=502  \\$bPh. D.$cUniversity of Alberta$d1970.
=504  \\$aIncludes bibliographical references (pages 54-60).
=650  \0$aAvoidance (Psychology)
=650  \0$aAmygdaloid body$xEffect of drugs on.
=650  \0$aMethylphenidate.
=650  \0$aRats as laboratory animals.
=710  2\$aUniversity of Alberta.$bDepartment of Psychology.
=900  \\$NK06771
=949  \\$zUAIN$zETHESIS

