=LDR  01132ntm a22003131i 4500
=001  uab09275491
=003  UAB
=005  20141004111651.0
=006  m|||||o||d||||||||
=007  cr||||||||||||
=008  141004t19711971xx\\\\\\obm\\\000\0deng\d
=040  \\$aUAB$beng$erda$cUAB
=050  \4$aPR3592.R4$bA56 1971
=090  \\$aInternet Access$bAEU
=100  1\$aAnonby, John A.,$eauthor.
=245  10$aMilton's idea of a Christian society /$cby John A. Anonby.
=264  \1$c[1971]
=264  \4$c1971
=300  \\$a1 online resource (iv, 307 pages)
=336  \\$atext$btxt$2rdacontent
=337  \\$acomputer$bc$2rdamedia
=338  \\$aonline resource$bcr$2rdacarrier
=500  \\$a"A thesis submitted to the Faculty of Graduate Studies in partial fulfilment of the requirements for the degree of Doctor of Philosophy, Department of English."
=502  \\$bPh. D.$cUniversity of Alberta$d1971.
=504  \\$aIncludes bibliographical references (pages 271-307).
=600  10$aMilton, John,$d1608-1674$xReligion.
=650  \0$aChristian sociology.
=710  2\$aUniversity of Alberta.$bDepartment of English.
=900  \\$aNK08051
=949  \\$zUAIN$zETHESIS

