=LDR  01162ntm a22003131i 4500
=001  uab09275493
=003  UAB
=005  20141004112240.0
=006  m|||||o||d||||||||
=007  cr||||||||||||
=008  141004t19711971xx\adf\\obm\\\000\0\eng\d
=040  \\$aUAB$beng$erda$cUAB
=050  \4$aQK524.L9$bB35 1971
=090  \\$aInternet Access$bAEU
=100  1\$aBall, Leslie Frank,$eauthor.
=245  10$aSome constituents of Lycopodium lucidulum /$cby Leslie Frank Ball, B. Sc. (Hons), Leeds, England.
=264  \1$c[1971]
=264  \4$c1971
=300  \\$a1 online resource (xii, 221 pages) :$billustrations
=336  \\$atext$btxt$2rdacontent
=337  \\$acomputer$bc$2rdamedia
=338  \\$aonline resource$bcr$2rdacarrier
=500  \\$a"A thesis submitted to the Faculty of Graduate Studies in partial fulfilment of the requirements for the degree of Doctor of Philosophy, Department of Chemistry."
=502  \\$bPh. D.$cUniversity of Alberta$d1971.
=504  \\$aIncludes bibliographical references (pages 213-221).
=650  \0$aClub mosses.
=650  \0$aAlkaloids.
=710  2\$aUniversity of Alberta.$bDepartment of Chemistry.
=900  \\$aNK08054
=949  \\$zUAIN$zETHESIS

