=LDR  01158ntm a22003131i 4500
=001  uab09275562
=003  UAB
=005  20141006095531.0
=006  m|||||o||d||||||||
=007  cr||||||||||||
=008  141006t19711971xx\d\\\\obm\\\000\0\eng\d
=040  \\$aUAB$beng$erda$cUAB
=050  \4$aQA867.5$b.B83 1971
=090  \\$aInternet Access$bAEU
=100  1\$aBuckley, Eric D. J.,$eauthor.
=245  10$aStudies in nonlinear oscillation /$cby Eric D.J. Buckley.
=264  \1$c[1971]
=264  \4$c1971
=300  \\$a1 online resource (iv, 74 pages) :$billustration
=336  \\$atext$btxt$2rdacontent
=337  \\$acomputer$bc$2rdamedia
=338  \\$aonline resource$bcr$2rdacarrier
=500  \\$a"A thesis submitted to the Faculty of Graduate Studies in partial fulfillment of the requirements for the degree of Doctor of Philosophy, Department of Mathematics."
=502  \\$bPh. D.$cUniversity of Alberta$d1971.
=504  \\$aIncludes bibliographical references (pages 73-74).
=650  \0$aNonlinear oscillations.
=650  \0$aDifferential equations, Nonlinear.
=710  2\$aUniversity of Alberta.$bDepartment of Mathematics.
=900  \\$aNK08061
=949  \\$zUAIN$zETHESIS

