=LDR  01241ntm a22003371i 4500
=001  uab09275593
=003  UAB
=005  20141006104850.0
=006  m|||||o||d||||||||
=007  cr||||||||||||
=008  141006t19711971xx\adf\\obm\\\000\0\eng\d
=040  \\$aUAB$beng$erda$cUAB
=050  \4$aQD412.S6$bH69 1971
=090  \\$aInternet Access$bAEU
=100  1\$aHoyano, James Koichi,$eauthor.
=245  10$aTransition metal carbonyls of silicon /$cby James Koichi Hoyano.
=264  \1$c[1971]
=264  \4$c1971
=300  \\$a1 online resource (xvi, 224 pages) :$billustrations
=336  \\$atext$btxt$2rdacontent
=337  \\$acomputer$bc$2rdamedia
=338  \\$aonline resource$bcr$2rdacarrier
=500  \\$a"A thesis submitted to the Faculty of Graduate Studies in partial fulfilment of the requirements for the degree of Doctor of Philosophy, Department of Chemistry."
=502  \\$bPh. D.$cUniversity of Alberta$d1971.
=504  \\$aIncludes bibliographical references (pages 209-224).
=590  \\$aLibrary copy imperfect: page 153 scanned twice.
=650  \0$aMetal carbonyls.
=650  \0$aTransition metal compounds.
=650  \0$aSilicon.
=710  2\$aUniversity of Alberta.$bDepartment of Chemistry.
=900  \\$aNK08081
=949  \\$zUAIN$zETHESIS

