=LDR  01246ntm a22003251i 4500
=001  uab09275669
=003  UAB
=005  20141006134235.0
=006  m|||||o||d||||||||
=007  cr||||||||||||
=008  141006t19721972xx\df\\\obm\\\000\0\eng\d
=040  \\$aUAB$beng$erda$cUAB
=050  \4$aRA652.2.M3$bG87 1972
=090  \\$aInternet Access$bAEU
=100  1\$aGupta, Naresh Kumar,$eauthor.
=245  10$aModeling and optimum control of epidemics /$cby Naresh Kumar Gupta.
=264  \1$c[1972]
=264  \4$c1972
=300  \\$a1 online resource (vii, 131 pages) :$billustrations
=336  \\$atext$btxt$2rdacontent
=337  \\$acomputer$bc$2rdamedia
=338  \\$aonline resource$bcr$2rdacarrier
=500  \\$a"A thesis submitted to the Faculty of Graduate Studies and Research in partial fulfilment of the requirements for the degree of Doctor of Philosophy, Department of Electrical Engineering."
=502  \\$bPh. D.$cUniversity of Alberta$d1972.
=504  \\$aIncludes bibliographical references (pages 126-131).
=650  \0$aEpidemics$xMathematical models.
=650  \0$aEpidemics$xTransmission.
=650  \0$aEpidemics$xPrevention.
=710  2\$aUniversity of Alberta.$bDepartment of Electrical Engineering.
=900  \\$aNK11135
=949  \\$zUAIN$zETHESIS

