=LDR  01223ntm a22003131i 4500
=001  uab09275680
=003  UAB
=005  20141006135959.0
=006  m|||||o||d||||||||
=007  cr||||||||||||
=008  141006t19721972xx\adf\\obm\\\000\0\eng\d
=040  \\$aUAB$beng$erda$cUAB
=050  \4$aQD381.9.T54$bH35 1972
=090  \\$aInternet Access$bAEU
=100  1\$aHall, Michael Christopher,$eauthor.
=245  14$aThe DPPH inhibited thermal polymerization of styrene :$bkinetics, mechanism and products /$cby Michael Christopher Hall.
=264  \1$c[1972]
=264  \4$c1972
=300  \\$a1 online resource (xii, 250 pages) :$billustrations
=336  \\$atext$btxt$2rdacontent
=337  \\$acomputer$bc$2rdamedia
=338  \\$aonline resource$bcr$2rdacarrier
=500  \\$a"A thesis submitted to the Faculty of Graduate Studies and Research in partial fulfilment of the requirements for the degree of Doctor of Philosophy, Department of Chemistry."
=502  \\$bPh. D.$cUniversity of Alberta$d1972.
=504  \\$aIncludes bibliographical references (pages 238-250).
=650  \0$aPolymers$xThermal properties.
=650  \0$aStyrene.
=710  2\$aUniversity of Alberta.$bDepartment of Chemistry.
=900  \\$aNK11136
=949  \\$zUAIN$zETHESIS

