=LDR  01278ntm a22003371i 4500
=001  uab09276590
=003  UAB
=005  20141008180650.0
=006  m|||||o||d||||||||
=007  cr||||||||||||
=008  141008t19721972xx\adf\\obm\\\000\0\eng\d
=040  \\$aUAB$beng$erda$cUAB
=050  \4$aQP619.S83$bM64 1972
=090  \\$aInternet Access$bAEU
=100  1\$aMoffet, Frank James,$eauthor.
=245  10$aKinetics and substrate-binding studies of succinyl coenzyme A synthetase /$cby Frank James Moffet.
=264  \1$c[1972]
=264  \4$c1972
=300  \\$a1 online resource (xiv, 115 pages) :$billustrations
=336  \\$atext$btxt$2rdacontent
=337  \\$acomputer$bc$2rdamedia
=338  \\$aonline resource$bcr$2rdacarrier
=500  \\$a"A thesis submitted to the Faculty of Graduate Studies and Research in partial fulfilment of the requirements for the degree of Doctor of Philosophy, Department of Biochemistry."
=502  \\$bPh. D.$cUniversity of Alberta$d1972.
=504  \\$aIncludes bibliographical references (pages 110-114).
=590  \\$aLibrary copy imperfect: page 76 scanned twice.
=650  \0$aLigases.
=650  \0$aCoenzymes.
=650  \0$aChemical kinetics.
=710  2\$aUniversity of Alberta.$bDepartment of Biochemistry.
=900  \\$aNK11149
=949  \\$zUAIN$zETHESIS

