=LDR  01339ntm a22003371i 4500
=001  uab09276611
=003  UAB
=005  20141008183853.0
=006  m|||||o||d||||||||
=007  cr||||||||||||
=008  141008t19721972xx\\\\\\obm\\\000\0deng\d
=040  \\$aUAB$beng$erda$cUAB
=050  \4$aPR6045.A97$bZ816 1972
=090  \\$aInternet Access$bAEU
=100  1\$aPhillips, Kenneth A.,$eauthor.
=245  14$aThe grace of God is in courtesy :$bthe religious and social attitudes in the works of Evelyn Waugh /$cby Kenneth A. Phillips.
=264  \1$c[1972]
=264  \4$c1972
=300  \\$a1 online resource (x, 513 pages)
=336  \\$atext$btxt$2rdacontent
=337  \\$acomputer$bc$2rdamedia
=338  \\$aonline resource$bcr$2rdacarrier
=500  \\$a"A thesis submitted to the Faculty of Graduate Studies and Research in partial fulfilment of the requirements for the degree of Doctor of Philosophy, Department of English."
=502  \\$bPh. D.$cUniversity of Alberta$d1972.
=504  \\$aIncludes bibliographical references (pages 463-513).
=590  \\$aLibrary copy imperfect: 41 pages wanting.
=600  10$aWaugh, Evelyn,$d1903-1966$xCriticism and interpretation.
=650  \0$aReligion in literature.
=650  \0$aSociety in literature.
=710  2\$aUniversity of Alberta.$bDepartment of English.
=900  \\$aNK11156
=949  \\$zUAIN$zETHESIS

