=LDR  01199ntm a22003131i 4500
=001  uab09276772
=003  UAB
=005  20141009100030.0
=006  m|||||o||d||||||||
=007  cr||||||||||||
=008  141009t19721972xx\adf\\obm\\\000\0\eng\d
=040  \\$aUAB$beng$erda$cUAB
=050  \4$aQD96.N8$bQ57 1972
=090  \\$aInternet Access$bAEU
=100  1\$aQuirt, Alan R.,$eauthor.
=245  10$aNuclear magnetic resonance spectra of twofold symmetric molecules /$cby Alan R. Quirt.
=264  \1$c[1972]
=264  \4$c1972
=300  \\$a1 online resource (1 volume (various pagings)) :$billustrations
=336  \\$atext$btxt$2rdacontent
=337  \\$acomputer$bc$2rdamedia
=338  \\$aonline resource$bcr$2rdacarrier
=500  \\$a"A thesis submitted to the Faculty of Graduate Studies and Research in partial fulfilment of the requirements for the degree of Doctor of Philosophy, Department of Chemistry."
=502  \\$bPh. D.$cUniversity of Alberta$d1972.
=504  \\$aIncludes bibliographical references (pages 131-133).
=650  \0$aNuclear magnetic resonance spectroscopy.
=650  \0$aMolecules.
=710  2\$aUniversity of Alberta.$bDepartment of Chemistry.
=900  \\$aNK11158
=949  \\$zUAIN$zETHESIS

