=LDR  01286ntm a22003251i 4500
=001  uab09276878
=003  UAB
=005  20141009120526.0
=006  m|||||o||d||||||||
=007  cr||||||||||||
=008  141009t19721972xx\df\\\obm\\\000\0\eng\d
=040  \\$aUAB$beng$erda$cUAB
=050  \4$aQL596.T2$bS65 1972
=090  \\$aInternet Access$bAEU
=100  1\$aSoliman, Hani,$eauthor.
=245  10$aVariable effects of X-irradiation on Tribolium castaneum and T. confusum due to strain and "age at pupation" /$cby Hani Soliman.
=264  \1$c[1972]
=264  \4$c1972
=300  \\$a1 online resource (xiii, 91 pages) :$billustrations
=336  \\$atext$btxt$2rdacontent
=337  \\$acomputer$bc$2rdamedia
=338  \\$aonline resource$bcr$2rdacarrier
=500  \\$a"A thesis submitted to the Faculty of Graduate Studies and Research in partial fulfilment of the requirements for the degree of Doctor of Philosophy, Department of Genetics."
=502  \\$bPh. D.$cUniversity of Alberta$d1972.
=504  \\$aIncludes bibliographical references (pages 79-91).
=650  \0$aRed flour beetle$xEffect of radiation on.
=650  \0$aConfused flour beetle$xEffect of radiation on.
=650  \0$aX-rays.
=710  2\$aUniversity of Alberta.$bDepartment of Genetics.
=900  \\$aNK11170
=949  \\$zUAIN$zETHESIS

