=LDR  01294ntm a22003491i 4500
=001  uab09276911
=003  UAB
=005  20141009123528.0
=006  m|||||o||d||||||||
=007  cr||||||||||||
=008  141009t19721972xx\adf\\obm\\\000\0\eng\d
=040  \\$aUAB$beng$erda$cUAB
=050  \4$aQD305.H7$bV36 1972
=090  \\$aInternet Access$bAEU
=100  1\$aVan Bostelen, Peter Bernhard,$eauthor.
=245  12$aA mechanism for the reaction of lead tetraacetate and hydrogen fluoride with olefins /$cby Peter Bernhard Van Bostelen.
=264  \1$c[1972]
=264  \4$c1972
=300  \\$a1 online resource (ix, 137 pages) :$billustrations
=336  \\$atext$btxt$2rdacontent
=337  \\$acomputer$bc$2rdamedia
=338  \\$aonline resource$bcr$2rdacarrier
=500  \\$a"A thesis submitted to the Faculty of Graduate Studies and Research in partial fulfilment of the requirements for the degree of Doctor of Philosophy, Department of Chemistry."
=502  \\$bPh. D.$cUniversity of Alberta$d1972.
=504  \\$aIncludes bibliographical references (pages 119-126).
=650  \0$aAlkenes.
=650  \0$aLead.
=650  \0$aAcetates.
=650  \0$aHydrogen fluoride.
=650  \0$aChemical reactions.
=710  2\$aUniversity of Alberta.$bDepartment of Chemistry.
=900  \\$aNK11174
=949  \\$zUAIN$zETHESIS

