=LDR  01276ntm a22003371i 4500
=001  uab09276916
=003  UAB
=005  20141009124312.0
=006  m|||||o||d||||||||
=007  cr||||||||||||
=008  141009t19721972xx\adf\\obm\\\000\0\eng\d
=040  \\$aUAB$beng$erda$cUAB
=050  \4$aQD305.A6$bP66 1972
=090  \\$aInternet Access$bAEU
=100  1\$aPomeroy, Roland Kenneth,$eauthor.
=245  10$aSilicon, germanium and tin derivatives of ruthenium and osmium carbonyls /$cby Roland Kenneth Pomeroy.
=264  \1$c[1972]
=264  \4$c1972
=300  \\$a1 online resource (1 volume (various pagings)) :$billustrations
=336  \\$atext$btxt$2rdacontent
=337  \\$acomputer$bc$2rdamedia
=338  \\$aonline resource$bcr$2rdacarrier
=500  \\$a"A thesis submitted to the Faculty of Graduate Studies and Research in partial fulfilment of the requirements for the degree of Doctor of Philosophy, Department of Chemistry."
=502  \\$bPh. D.$cUniversity of Alberta$d1972.
=504  \\$aIncludes bibliographical references (pages 356-372).
=650  \0$aCarbonyl compounds.
=650  \0$aRuthenium.
=650  \0$aOsmium.
=650  \0$aGroup 14 elements$xDerivatives.
=710  2\$aUniversity of Alberta.$bDepartment of Chemistry.
=900  \\$aNK11618
=949  \\$zUAIN$zETHESIS

