=LDR  01386ntm a22003491i 4500
=001  uab09276922
=003  UAB
=005  20141009125639.0
=006  m|||||o||d||||||||
=007  cr||||||||||||
=008  141009t19721972xx\df\\\obm\\\000\0\eng\d
=040  \\$aUAB$beng$erda$cUAB
=050  \4$aQP262$b.R36 1972
=090  \\$aInternet Access$bAEU
=100  1\$aRangachari, Patangi Srinivasa Kumar,$eauthor.
=245  10$aMetabolic requirements for coupled Na[superscript +]-K[superscript +] exchange and spontaneous contractions in the rat myometrium /$cby Patangi Srinivasa Kumar Rangachari.
=264  \1$c[1972]
=264  \4$c1972
=300  \\$a1 online resource (xiv, 177 pages) :$billustrations
=336  \\$atext$btxt$2rdacontent
=337  \\$acomputer$bc$2rdamedia
=338  \\$aonline resource$bcr$2rdacarrier
=500  \\$a"A thesis submitted to the Faculty of Graduate Studies and Research in partial fulfilment of the requirements for the degree of Doctor of Philosophy, Department of Pharmacology."
=502  \\$bPh. D.$cUniversity of Alberta$d1972.
=504  \\$aIncludes bibliographical references (pages 157-177).
=650  \0$aUterus$xContraction.
=650  \0$aSodium ions.
=650  \0$aPotassium ions.
=650  \0$aIon exchange.
=650  \0$aRats as laboratory animals.
=710  2\$aUniversity of Alberta.$bDepartment of Pharmacology.
=900  \\$aNK11619
=949  \\$zUAIN$zETHESIS

