=LDR  01210ntm a22003251i 4500
=001  uab09276962
=003  UAB
=005  20141009140841.0
=006  m|||||o||d||||||||
=007  cr||||||||||||
=008  141009t19731973xx\adf\\obm\\\000\0\eng\d
=040  \\$aUAB$beng$erda$cUAB
=050  \4$aQP572.A5$bR46 1973
=090  \\$aInternet Access$bAEU
=100  1\$aRennie, Paul S.,$eauthor.
=245  14$aThe transport of androgens in rat prostate /$cby Paul S. Rennie.
=264  \1$c[1973]
=264  \4$c1973
=300  \\$a1 online resource (xix, 200 pages) :$billustrations
=336  \\$atext$btxt$2rdacontent
=337  \\$acomputer$bc$2rdamedia
=338  \\$aonline resource$bcr$2rdacarrier
=500  \\$a"A thesis submitted to the Faculty of Graduate Studies and Research in partial fulfilment of the requirements for the degree of Doctor of Philosophy, Department of Biochemistry."
=502  \\$bPh. D.$cUniversity of Alberta$d1973.
=504  \\$aIncludes bibliographical references (pages [191]-197).
=650  \0$aAndrogens$xTransport properties.
=650  \0$aProstate.
=650  \0$aRats as laboratory animals.
=710  2\$aUniversity of Alberta.$bDepartment of Biochemistry.
=900  \\$aNK17666
=949  \\$zUAIN$zETHESIS

