=LDR  01293ntm a22003491i 4500
=001  uab09276985
=003  UAB
=005  20141009142849.0
=006  m|||||o||d||||||||
=007  cr||||||||||||
=008  141009t19731974xx\df\\\obm\\\000\0\eng\d
=040  \\$aUAB$beng$erda$cUAB
=043  \\$af-ua---
=050  \4$aHC830$b.S28 1973
=090  \\$aInternet Access$bAEU
=100  1\$aSavary, James R.,$eauthor.
=245  10$aMonetary policy, saving and income in Egypt, 1947-1967 /$cby James R. Savary.
=264  \1$c[1973]
=264  \4$c1974
=300  \\$a1 online resource (ix, 156 pages) :$billustrations
=336  \\$atext$btxt$2rdacontent
=337  \\$acomputer$bc$2rdamedia
=338  \\$aonline resource$bcr$2rdacarrier
=500  \\$a"A thesis submitted to the Faculty of Graduate Studies and Research in partial fulfilment of the requirements for the degree of Doctor of Philosophy, Department of Economics."
=502  \\$bPh. D.$cUniversity of Alberta$d1973.
=504  \\$aIncludes bibliographical references (pages 150-156).
=651  \0$aEgypt$xEconomic conditions$y19th century.
=650  \0$aMonetary policy$zEgypt.
=650  \0$aSaving and investment$zEgypt.
=650  \0$aIncome$zEgypt.
=710  2\$aUniversity of Alberta.$bDepartment of Economics.
=900  \\$aNK17678
=949  \\$zUAIN$zETHESIS

