=LDR  01258ntm a22003371i 4500
=001  uab09276990
=003  UAB
=005  20141009144033.0
=006  m|||||o||d||||||||
=007  cr||||||||||||
=008  141009t19731973xx\df\\\obm\\\000\0\eng\d
=040  \\$aUAB$beng$erda$cUAB
=050  \4$aQD571$b.S53 1973
=090  \\$aInternet Access$bAEU
=100  1\$aSkala, Martin,$eauthor.
=245  10$aElectrode potentials of iron, cobalt, nickel and hydrogen in a near-eutectic KCl-NaCl-AlCl melt /$cby Martin Skala.
=264  \1$c[1973]
=264  \4$c1973
=300  \\$a1 online resource (ix, 125 pages) :$billustrations
=336  \\$atext$btxt$2rdacontent
=337  \\$acomputer$bc$2rdamedia
=338  \\$aonline resource$bcr$2rdacarrier
=500  \\$a"A thesis submitted to the Faculty of Graduate Studies and Research in partial fulfilment of the requirements for the degree of Doctor of Philosophy, Department of Chemistry."
=502  \\$bPh. D.$cUniversity of Alberta$d1973.
=504  \\$aIncludes bibliographical references (pages 111-116).
=650  \0$aElectrodes.
=650  \0$aElectromotive force.
=650  \0$aTransition metals.
=650  \0$aHydrogen.
=710  2\$aUniversity of Alberta.$bDepartment of Chemistry.
=900  \\$aNK17691
=949  \\$zUAIN$zETHESIS

