=LDR  01195ntm a22003131i 4500
=001  uab09277224
=003  UAB
=005  20141010082442.0
=006  m|||||o||d||||||||
=007  cr||||||||||||
=008  141010t19731973xx\adf\\obm\\\000\0\eng\d
=040  \\$aUAB$beng$erda$cUAB
=050  \4$aTK7871.89.A94$bT48 1973
=090  \\$aInternet Access$bAEU
=100  1\$aTetarenko, Ronald Peter,$eauthor.
=245  10$aTransient impedance of IMPATT diodes /$cby Ronald Peter Tetarenko.
=264  \1$c[1973]
=264  \4$c1973
=300  \\$a1 online resource (xvii, 214 pages) :$billustrations
=336  \\$atext$btxt$2rdacontent
=337  \\$acomputer$bc$2rdamedia
=338  \\$aonline resource$bcr$2rdacarrier
=500  \\$a"A thesis submitted to the Faculty of Graduate Studies and Research in partial fulfilment of the requirements for the degree of Doctor of Philosophy, Department of Electrical Engineering."
=502  \\$bPh. D.$cUniversity of Alberta$d1973.
=504  \\$aIncludes bibliographical references (pages 201-204).
=650  \0$aDiodes, IMPATT.
=650  \0$aTransients (Dynamics)
=710  2\$aUniversity of Alberta.$bDepartment of Electrical Engineering.
=900  \\$aNK17707
=949  \\$zUAIN$zETHESIS

