=LDR  01186ntm a22003371i 4500
=001  uab09277234
=003  UAB
=005  20141010085038.0
=006  m|||||o||d||||||||
=007  cr||||||||||||
=008  141010t19741974xx\df\\\obm\\\000\0\eng\d
=040  \\$aUAB$beng$erda$cUAB
=043  \\$an-cn-ab
=050  \4$aQE538.5$b.A47 1974
=090  \\$aInternet Access$bAEU
=100  1\$aAlpaslan, Tumer,$eauthor.
=245  10$aTransfer function analysis /$cby Tumer Alpaslan.
=264  \1$c[1974]
=264  \4$c1974
=300  \\$a1 online resource (xii, 172 pages) :$billustrations
=336  \\$atext$btxt$2rdacontent
=337  \\$acomputer$bc$2rdamedia
=338  \\$aonline resource$bcr$2rdacarrier
=500  \\$a"A thesis submitted to the Faculty of Graduate Studies and Research in partial fulfilment of the requirements for the degree of Doctor of Philosophy, Department of Physics."
=502  \\$bPh. D.$cUniversity of Alberta$d1974.
=504  \\$aIncludes bibliographical references (pages 156-172).
=650  \0$aShear waves.
=650  \0$aAnisotropy.
=650  \0$aSeismograms$zAlberta.
=710  2\$aUniversity of Alberta.$bDepartment of Physics.
=900  \\$aNK20960
=949  \\$zUAIN$zETHESIS

