=LDR  01250ntm a22003131i 4500
=001  uab09277249
=003  UAB
=005  20141010093226.0
=006  m|||||o||d||||||||
=007  cr||||||||||||
=008  141010t19741974xx\adf\\obm\\\000\0\eng\d
=040  \\$aUAB$beng$erda$cUAB
=050  \4$aQD172.T6$bC69 1974
=090  \\$aInternet Access$bAEU
=100  1\$aCowie, Martin,$eauthor.
=245  10$aStructural determinations of some transition metal hydrido and tris (benzene-1,2-dithiolato) complexes /$cby Martin Cowie.
=264  \1$c[1974]
=264  \4$c1974
=300  \\$a1 online resource (xviii, 236 pages) :$billustrations
=336  \\$atext$btxt$2rdacontent
=337  \\$acomputer$bc$2rdamedia
=338  \\$aonline resource$bcr$2rdacarrier
=500  \\$a"A thesis submitted to the Faculty of Graduate Studies and Research in partial fulfilment of the requirements for the degree of Doctor of Philosophy, Department of Chemistry."
=502  \\$bPh. D.$cUniversity of Alberta$d1974.
=504  \\$aIncludes bibliographical references (pages 210-222).
=650  \0$aTransition metal complexes$xStructure.
=650  \0$aTransition metal hydrides$xStructure.
=710  2\$aUniversity of Alberta.$bDepartment of Chemistry.
=900  \\$aNK20988
=949  \\$zUAIN$zETHESIS

