=LDR  01225ntm a22003131i 4500
=001  uab09277253
=003  UAB
=005  20141010093625.0
=006  m|||||o||d||||||||
=007  cr||||||||||||
=008  141010t19741974xx\adf\\obm\\\000\0\eng\d
=040  \\$aUAB$beng$erda$cUAB
=050  \4$aQK494.5.P66$bD36 1974
=090  \\$aInternet Access$bAEU
=100  1\$aDangerfield, James A.,$eauthor.
=245  14$aThe microbial associations of Pinus contorta Dougl. var. latifolia Engelm. /$cby James A. Dangerfield.
=264  \1$c[1974]
=264  \4$c1974
=300  \\$a1 online resource (xiii, 156 pages) :$billustrations
=336  \\$atext$btxt$2rdacontent
=337  \\$acomputer$bc$2rdamedia
=338  \\$aonline resource$bcr$2rdacarrier
=500  \\$a"A thesis submitted to the Faculty of Graduate Studies and Research in partial fulfilment of the requirements for the degree of Doctor of Philosophy, Department of Microbiology."
=502  \\$bPh. D.$cUniversity of Alberta$d1974.
=504  \\$aIncludes bibliographical references (pages 111-125).
=650  \0$aLodgepole pine$xRoots$xMicrobiology.
=650  \0$aSoil microbiology.
=710  2\$aUniversity of Alberta.$bDepartment of Microbiology.
=900  \\$aNK20991
=949  \\$zUAIN$zETHESIS

