=LDR  01193ntm a22003251i 4500
=001  uab09277254
=003  UAB
=005  20141010093824.0
=006  m|||||o||d||||||||
=007  cr||||||||||||
=008  141010t19741974xx\adf\\obm\\\000\0\eng\d
=040  \\$aUAB$beng$erda$cUAB
=050  \4$aQD708.2$b.D47 1974
=090  \\$aInternet Access$bAEU
=100  1\$aDe Paoli, Sergio,$eauthor.
=245  10$aInteraction of Hg6(P) and 6(P) with foreign gases /$cby Sergio De Paoli.
=264  \1$c[1974]
=264  \4$c1974
=300  \\$a1 online resource (xviii, 216 pages) :$billustrations
=336  \\$atext$btxt$2rdacontent
=337  \\$acomputer$bc$2rdamedia
=338  \\$aonline resource$bcr$2rdacarrier
=500  \\$a"A thesis submitted to the Faculty of Graduate Studies and Research in partial fulfilment of the requirements for the degree of Doctor of Philosophy, Department of Chemistry."
=502  \\$bPh. D.$cUniversity of Alberta$d1974.
=504  \\$aIncludes bibliographical references (pages 182-193).
=650  \0$aPhotochemistry.
=650  \0$aAtoms$xQuenching.
=650  \0$aGases.
=710  2\$aUniversity of Alberta.$bDepartment of Chemistry.
=900  \\$aNK20995
=949  \\$zUAIN$zETHESIS

