=LDR  01244ntm a22003131i 4500
=001  uab09277259
=003  UAB
=005  20141010094312.0
=006  m|||||o||d||||||||
=007  cr||||||||||||
=008  141010t19741974xx\adf\\obm\\\000\0\eng\d
=040  \\$aUAB$beng$erda$cUAB
=050  \4$aQD474$b.D66 1974
=090  \\$aInternet Access$bAEU
=100  1\$aDonaldson, Peter Blair,$eauthor.
=245  14$aThe crystal structure determinations of Wilkinson's catalyst and its dioxygen derivatives /$cby Peter Blair Donaldson.
=264  \1$c[1974]
=264  \4$c1974
=300  \\$a1 online resource (xiii, 207 pages) :$billustrations
=336  \\$atext$btxt$2rdacontent
=337  \\$acomputer$bc$2rdamedia
=338  \\$aonline resource$bcr$2rdacarrier
=500  \\$a"A thesis submitted to the Faculty of Graduate Studies and Research in partial fulfilment of the requirements for the degree of Doctor of Philosophy, Department Chemistry."
=502  \\$bPh. D.$cUniversity of Alberta$d1974.
=504  \\$aIncludes bibliographical references (pages 193-202).
=650  \0$aCoordination compounds$xStructure.
=650  \0$aCoordination compounds$xDerivatives.
=710  2\$aUniversity of Alberta.$bDepartment of Chemistry.
=900  \\$aNK21001
=949  \\$zUAIN$zETHESIS

