=LDR  01336ntm a22003371i 4500
=001  uab09277269
=003  UAB
=005  20141010095558.0
=006  m|||||o||d||||||||
=007  cr||||||||||||
=008  141010t19741974xx\adf\\obm\\\000\0\eng\d
=040  \\$aUAB$beng$erda$cUAB
=050  \4$aQD96.V53$bF35 1974
=090  \\$aInternet Access$bAEU
=100  1\$aFalk, Michael Victor,$eauthor.
=245  10$aVibrational spectra of several isotopic forms of dimethyl ether--hydrogen chloride and ethylene sulphide /$cby Michael Victor Falk.
=264  \1$c[1974]
=264  \4$c1974
=300  \\$a1 online resource (xiv, 200 pages) :$billustrations
=336  \\$atext$btxt$2rdacontent
=337  \\$acomputer$bc$2rdamedia
=338  \\$aonline resource$bcr$2rdacarrier
=500  \\$a"A thesis submitted to the Faculty of Graduate Studies and Research in partial fulfilment of the requirements for the degree of Doctor of Philosophy, Department of Chemistry."
=502  \\$bPh. D.$cUniversity of Alberta$d1974.
=504  \\$aIncludes bibliographical references (pages 169-178).
=650  \0$aVibrational spectra.
=650  \0$aHydrogen chloride$xIsotopes$xSpectra.
=650  \0$aEthylene$xIsotopes$xSpectra.
=650  \0$aSulfides$xIsotopes$xSpectra.
=710  2\$aUniversity of Alberta.$bDepartment of Chemistry.
=900  \\$aNK21008
=949  \\$zUAIN$zETHESIS

