=LDR  01258ntm a22003131i 4500
=001  uab09277361
=003  UAB
=005  20141010134137.0
=006  m|||||o||d||||||||
=007  cr||||||||||||
=008  141010t19751975xx\abdf\obm\\\000\0\eng\d
=040  \\$aUAB$beng$erda$cUAB
=050  \4$aQL737.R68$bM47 1975
=090  \\$aInternet Access$bAEU
=100  1\$aMeredith, Don H.$q(Don Howard),$eauthor.
=245  10$aHabitat selection and interspecific agonism in two parapatric species of chipmunks (Eutamias) /$cby Don Howard Meredith.
=264  \1$c[1975]
=264  \4$c1975
=300  \\$a1 online resource (xiii, 91 pages, 4 unnumbered pages) :$billustrations, maps
=336  \\$atext$btxt$2rdacontent
=337  \\$acomputer$bc$2rdamedia
=338  \\$aonline resource$bcr$2rdacarrier
=500  \\$a"A thesis submitted to the Faculty of Graduate Studies and Research in partial fulfilment of the requirements for the degree of Doctor of Philosophy, Department of Zoology."
=502  \\$bPh. D.$cUniversity of Alberta$d1975.
=504  \\$aIncludes bibliographical references (pages 88-91).
=650  \0$aChipmunks$xHabitat.
=650  \0$aAgonistic behavior in animals.
=710  2\$aUniversity of Alberta.$bDepartment of Zoology.
=900  \\$aNK24099
=949  \\$zUAIN$zETHESIS

