=LDR  01328ntm a22003371i 4500
=001  uab09277751
=003  UAB
=005  20141013132723.0
=006  m|||||o||d||||||||
=007  cr||||||||||||
=008  141013t19751975xx\adf\\obm\\\000\0\eng\d
=040  \\$aUAB$beng$erda$cUAB
=050  \4$aGV1061.8.P49$bS67 1975
=090  \\$aInternet Access$bAEU
=100  1\$aSprigings, Eric John,$eauthor.
=245  12$aA comparison of treadmill and overground running using EMG and cinematography /$cby Eric John Sprigings.
=264  \1$c[1975]
=264  \4$c1975
=300  \\$a1 online resource (xii, 106 pages) :$billustrations
=336  \\$atext$btxt$2rdacontent
=337  \\$acomputer$bc$2rdamedia
=338  \\$aonline resource$bcr$2rdacarrier
=500  \\$a"A thesis submitted to the Faculty of Graduate Studies and Research in partial fulfilment of the requirements for the degree of Doctor of Philosophy, Department of Physical Education."
=502  \\$bPh. D.$cUniversity of Alberta$d1975.
=504  \\$aIncludes bibliographical references (pages 80-87).
=650  \0$aRunning$xPhysiological aspects.
=650  \0$aTreadmill exercise$xPhysiological aspects.
=650  \0$aSports cinematography.
=650  \0$aElectromyography.
=710  2\$aUniversity of Alberta.$bDepartment of Physical Education.
=900  \\$aNK24136
=949  \\$zUAIN$zETHESIS

