=LDR  01262ntm a22003131i 4500
=001  uab09277798
=003  UAB
=005  20141013144514.0
=006  m|||||o||d||||||||
=007  cr||||||||||||
=008  141013t19751975xx\\\\\\obm\\\000\0\eng\d
=040  \\$aUAB$beng$erda$cUAB
=050  \4$aQR82.E6$bT36 1975
=090  \\$aInternet Access$bAEU
=100  1\$aTang, Charles Chang-Chiu,$eauthor.
=245  10$aEffect of suboptimal temperature on the growth and viability of Salmonella /$cby Charles Chang-Chiu Tang.
=264  \1$c[1975]
=264  \4$c1975
=300  \\$a1 online resource (xvi, 148 pages)
=336  \\$atext$btxt$2rdacontent
=337  \\$acomputer$bc$2rdamedia
=338  \\$aonline resource$bcr$2rdacarrier
=500  \\$a"A thesis submitted to the Faculty of Graduate Studies and Research in partial fulfilment of the requirements for the degree of Doctor of Philosophy in Food Microbiology, Department of Food Science."
=502  \\$bPh. D.$cUniversity of Alberta$d1975.
=504  \\$aIncludes bibliographical references (pages 138-148).
=590  \\$aLibrary copy imperfect: faded throughout.
=650  \0$aSalmonella$xGrowth$xEffect of temperature on.
=710  2\$aUniversity of Alberta.$bDepartment of Food Science.
=900  \\$aNK24142
=949  \\$zUAIN$zETHESIS

