=LDR  01198ntm a22003011i 4500
=001  uab09278416
=003  UAB
=005  20141016112055.0
=006  m|||||o||d||||||||
=007  cr||||||||||||
=008  141016t19751975xx\adf\\obm\\\000\0\eng\d
=040  \\$aUAB$beng$erda$cUAB
=050  \4$aQC793.5.E628$bA53 1975
=090  \\$aInternet Access$bAEU
=100  1\$aAndrew, John Wallace,$eauthor.
=245  13$aAn assessment of some approximations in the dynamical theory of electron diffraction /$cby John Wallace Andrew.
=264  \1$c[1975]
=264  \4$c1975
=300  \\$a1 online resource (xx, 266 pages) :$billustrations
=336  \\$atext$btxt$2rdacontent
=337  \\$acomputer$bc$2rdamedia
=338  \\$aonline resource$bcr$2rdacarrier
=500  \\$a"A thesis submitted to the Faculty of Graduate Studies and Research in partial fulfillment of the requirements for the degree of Doctor of Philosophy in Solid State Physics, Department of Physics."
=502  \\$bPh. D.$cUniversity of Alberta$d1975.
=504  \\$aIncludes bibliographical references (pages 249-254).
=650  \0$aElectrons$xDiffraction.
=710  2\$aUniversity of Alberta.$bDepartment of Physics.
=900  \\$aNK26697
=949  \\$zUAIN$zETHESIS

