=LDR  01259ntm a22003131i 4500
=001  uab09278442
=003  UAB
=005  20141016123852.0
=006  m|||||o||d||||||||
=007  cr||||||||||||
=008  141016t19751975xx\df\\\obm\\\000\0\eng\d
=040  \\$aUAB$beng$erda$cUAB
=050  \4$aQP120.M39$bB35 1975
=090  \\$aInternet Access$bAEU
=100  1\$aBailey, Glen Edward,$eauthor.
=245  10$aComparison of maximal aerobic capacity and maximal aerobic power as measures of endurance fitness /$cby Glen Edward Bailey.
=264  \1$c[1975]
=264  \4$c1975
=300  \\$a1 online resource (xii, 142 pages) :$billustrations
=336  \\$atext$btxt$2rdacontent
=337  \\$acomputer$bc$2rdamedia
=338  \\$aonline resource$bcr$2rdacarrier
=500  \\$a"A thesis submitted to the Faculty of Graduate Studies and Research in partial fulfilment of the requirements for the degree of Doctor of Philosophy, Department of Physical Education."
=502  \\$bPh. D.$cUniversity of Alberta$d1975.
=504  \\$aIncludes bibliographical references (pages 83-94).
=650  \0$aMaximal oxygen uptake.
=650  \0$aPhysical fitness$xPhysiological aspects.
=710  2\$aUniversity of Alberta.$bDepartment of Physical Education.
=900  \\$aNK26701
=949  \\$zUAIN$zETHESIS

