=LDR  01235ntm a22003251i 4500
=001  uab09278443
=003  UAB
=005  20141016124219.0
=006  m|||||o||d||||||||
=007  cr||||||||||||
=008  141016t19751975xx\adf\\obm\\\000\0\eng\d
=040  \\$aUAB$beng$erda$cUAB
=050  \4$aQP372.5$b.B39 1975
=090  \\$aInternet Access$bAEU
=100  1\$aBawa, Parveen Nihal Singh,$eauthor.
=245  10$aLinear analysis of myotatic reflexes in cat and man /$cby Parveen Nihal Singh Bawa.
=264  \1$c[1975]
=264  \4$c1975
=300  \\$a1 online resource (xv, 156 pages) :$billustrations
=336  \\$atext$btxt$2rdacontent
=337  \\$acomputer$bc$2rdamedia
=338  \\$aonline resource$bcr$2rdacarrier
=500  \\$a"A thesis submitted to the Faculty of Graduate Studies and Research in partial fulfilment of the requirements for the degree of Doctor of Philosophy in Biophysics, Department of Physiology."
=502  \\$bPh. D.$cUniversity of Alberta$d1975.
=504  \\$aIncludes bibliographical references (pages 148-156).
=650  \0$aStretch reflex.
=650  \0$aCats$xPhysiology.
=650  \0$aHuman beings$xPhysiology.
=710  2\$aUniversity of Alberta.$bDepartment of Physiology.
=900  \\$aNK26705
=949  \\$zUAIN$zETHESIS

