=LDR  01244ntm a22003131i 4500
=001  uab09278464
=003  UAB
=005  20141016140850.0
=006  m|||||o||d||||||||
=007  cr||||||||||||
=008  141016t19751975xx\adf\\obm\\\000\0\eng\d
=040  \\$aUAB$beng$erda$cUAB
=050  \4$aQH607$b.H67 1975
=090  \\$aInternet Access$bAEU
=100  1\$aHornsby, Sharon,$eauthor.
=245  12$aA study of cellular differentiation during regeneration of the lens with specific reference to the mechanism of cell elongation during lens fiber formation /$cby Sharon Hornsby.
=264  \1$c[1975]
=264  \4$c1975
=300  \\$a1 online resource (xiii, 191 pages) :$billustrations
=336  \\$atext$btxt$2rdacontent
=337  \\$acomputer$bc$2rdamedia
=338  \\$aonline resource$bcr$2rdacarrier
=500  \\$a"A thesis submitted to the Faculty of Graduate Studies and Research in partial fulfilment of the requirements for the degree of Ph. D., Department of Zoology."
=502  \\$bPh. D.$cUniversity of Alberta$d1975.
=504  \\$aIncludes bibliographical references (pages 173-191).
=650  \0$aCell differentiation.
=650  \0$aEye$xGrowth.
=710  2\$aUniversity of Alberta.$bDepartment of Zoology.
=900  \\$aNK26783
=949  \\$zUAIN$zETHESIS

