=LDR  01145ntm a22003131i 4500
=001  uab09278467
=003  UAB
=005  20141016141415.0
=006  m|||||o||d||||||||
=007  cr||||||||||||
=008  141016t19751975xx\adf\\obm\\\000\0\eng\d
=040  \\$aUAB$beng$erda$cUAB
=050  \4$aQD165$b.J67 1975
=090  \\$aInternet Access$bAEU
=100  1\$aJoshua, Alummoottil V.,$eauthor.
=245  10$aStudies in pseudohalogen chemistry /$cby Alummoottil V. Joshua.
=264  \1$c[1975]
=264  \4$c1975
=300  \\$a1 online resource (xv, 259 pages) :$billustrations
=336  \\$atext$btxt$2rdacontent
=337  \\$acomputer$bc$2rdamedia
=338  \\$aonline resource$bcr$2rdacarrier
=500  \\$a"A thesis submitted to the Faculty of Graduate Studies and Research in partial fulfilment of the requirements for the degree of Doctor of Philosophy, Department of Chemistry."
=502  \\$bPh. D.$cUniversity of Alberta$d1975.
=504  \\$aIncludes bibliographical references (pages 246-259).
=650  \0$aHalogens.
=650  \0$aStereochemistry.
=710  2\$aUniversity of Alberta.$bDepartment of Chemistry.
=900  \\$aNK26792
=949  \\$zUAIN$zETHESIS

