=LDR  01633ntm a22003611i 4500
=001  uab09278491
=003  UAB
=005  20141016161334.0
=006  m|||||o||d||||||||
=007  cr||||||||||||
=008  141016t19751975xx\af\\\obm\\\000\0\eng\d
=040  \\$aUAB$beng$erda$cUAB
=050  \4$aQP625.A27$bT75 1975
=090  \\$aInternet Access$bAEU
=100  1\$aTrip, Everard Martin,$eauthor.
=245  10$aI, Synthesis of cytokinin analogues of N-(3-methyl-2-butenyl) adenosine ;$bII, Stereoselective synthesis of alkyl 2-deoxy-[beta]-D-erythro-pentofuranosides and 2'-deoxyadenosine /$cby Everard Martin Trip.
=264  \1$c[1975]
=264  \4$c1975
=300  \\$a1 online resource (xiii, 188 pages) :$billustrations
=336  \\$atext$btxt$2rdacontent
=337  \\$acomputer$bc$2rdamedia
=338  \\$aonline resource$bcr$2rdacarrier
=500  \\$a"A thesis submitted to the Faculty of Graduate Studies and Research in partial fulfilment of the requirements for the degree of Doctor of Philosophy, Department of Chemistry."
=502  \\$bPh. D.$cUniversity of Alberta$d1975.
=504  \\$aIncludes bibliographical references (pages 171-188).
=590  \\$aLibrary copy imperfect: page 85 wanting.
=650  \0$aAdenosine$xSynthesis.
=650  \0$aCytokinins.
=650  \0$aPentoses.
=700  12$aTrip, Everard Martin.$tSynthesis of cytokinin analogues of N-(3-methyl-2-butenyl) adenosine.
=700  12$aTrip, Everard Martin.$tStereoselective synthesis of alkyl 2-deoxy-[beta]-D-erythro-pentofuranosides and 2'-deoxyadenosine.
=710  2\$aUniversity of Alberta.$bDepartment of Chemistry.
=900  \\$aNK26941
=949  \\$zUAIN$zETHESIS

