=LDR  01272ntm a22003251i 4500
=001  uab09278504
=003  UAB
=005  20141016174648.0
=006  m|||||o||d||||||||
=007  cr||||||||||||
=008  141016t19761976xx\bdf\\obm\\\000\0\eng\d
=040  \\$aUAB$beng$erda$cUAB
=043  \\$afs-----
=050  \4$aQC809.E15$bD43 1976
=090  \\$aInternet Access$bAEU
=100  1\$aDe Beer, Johannes Hendrik,$eauthor.
=245  10$aMagnetometer array studies and electrical conductivity in southern Africa /$cby Johannes Hendrik De Beer.
=264  \1$c[1976]
=264  \4$c1976
=300  \\$a1 online resource (xviii, 260 pages) :$billustrations, maps
=336  \\$atext$btxt$2rdacontent
=337  \\$acomputer$bc$2rdamedia
=338  \\$aonline resource$bcr$2rdacarrier
=500  \\$a"A thesis submitted to the Faculty of Graduate Studies and Research in partial fulfilment of the requirements for the degree of Doctor of Philosophy in Geophysics, Department of Physics."
=502  \\$bPh. D.$cUniversity of Alberta$d1976.
=504  \\$aIncludes bibliographical references (pages 241-260).
=650  \0$aEarth resistance (Geophysics)
=650  \0$aMagnetometers$zAfrica, Southern.
=710  2\$aUniversity of Alberta.$bDepartment of Physics.
=900  \\$aNK27610
=949  \\$zUAIN$zETHESIS

