=LDR  01103ntm a22003011i 4500
=001  uab09278578
=003  UAB
=005  20141017105500.0
=006  m|||||o||d||||||||
=007  cr||||||||||||
=008  141017t19761976xx\\\\\\obm\\\000\0\eng\d
=040  \\$aUAB$beng$erda$cUAB
=050  \4$aHV7431$b.C68 1976
=090  \\$aInternet Access$bAEU
=100  1\$aCousineau, D. F.,$eauthor.
=245  10$aGeneral deterrence and crime /$can analysis by Douglas F. Cousineau.
=264  \1$c[1976]
=264  \4$c1976
=300  \\$a1 online resource (xi, 302 pages)
=336  \\$atext$btxt$2rdacontent
=337  \\$acomputer$bc$2rdamedia
=338  \\$aonline resource$bcr$2rdacarrier
=500  \\$a"A thesis submitted to the Faculty of Graduate Studies and Research in partial fulfilment of the requirements for the degree of Doctor of Philosophy, Department of Sociology."
=502  \\$bPh. D.$cUniversity of Alberta$d1976.
=504  \\$aIncludes bibliographical references (pages 242-302).
=650  \0$aCrime prevention.
=710  2\$aUniversity of Alberta.$bDepartment of Sociology.
=900  \\$aNK27634
=949  \\$zUAIN$zETHESIS

