=LDR  01428ntm a22003491i 4500
=001  uab09278583
=003  UAB
=005  20141017110230.0
=006  m|||||o||d||||||||
=007  cr||||||||||||
=008  141017t19761976xx\bf\\\obm\\\000\0\eng\d
=040  \\$aUAB$beng$erda$cUAB
=043  \\$an-cn---
=050  \4$aHD1476.C2$bH43 1976
=090  \\$aInternet Access$bAEU
=100  1\$aHedley, Max J.,$eauthor.
=245  14$aThe social conditions of production and the dynamics of tradition :$bindependent commodity production in Canadian agriculture /$cby Max J. Hedley.
=264  \1$c[1976]
=264  \4$c1976
=300  \\$a1 online resource (xiii, 258 pages, 6 unnumbered pages) :$bmaps
=336  \\$atext$btxt$2rdacontent
=337  \\$acomputer$bc$2rdamedia
=338  \\$aonline resource$bcr$2rdacarrier
=500  \\$a"A thesis submitted to the Faculty of Graduate Studies and Research in partial fulfilment of the requirements for the degree of Doctor of Philosophy, Department of Anthropology."
=502  \\$bPh. D.$cUniversity of Alberta$d1976.
=504  \\$aIncludes bibliographical references (pages 237-[257]).
=590  \\$aLibrary copy imperfect: page vi out of order.
=650  \0$aFarms, Small$xLabor productivity$zCanada.
=650  \0$aTraditional farming$zCanada.
=650  \0$aFarms, Small$xSocial aspects$zCanada.
=710  2\$aUniversity of Alberta.$bDepartment of Anthropology.
=900  \\$aNK27663
=949  \\$zUAIN$zETHESIS

