=LDR  01282ntm a22003251i 4500
=001  uab09278594
=003  UAB
=005  20141017112151.0
=006  m|||||o||d||||||||
=007  cr||||||||||||
=008  141017t19761976xx\adf\\obm\\\000\0\eng\d
=040  \\$aUAB$beng$erda$cUAB
=050  \4$aQC794.6.S3$bP37 1976
=090  \\$aInternet Access$bAEU
=100  1\$aPasternak, Anthony William,$eauthor.
=245  10$aCooperative Thomson scattering from an argon arc plasma using a pulsed CO laser /$cby Anthony William Pasternak.
=264  \1$c[1976]
=264  \4$c1976
=300  \\$a1 online resource (xi, 119 pages) :$billustrations
=336  \\$atext$btxt$2rdacontent
=337  \\$acomputer$bc$2rdamedia
=338  \\$aonline resource$bcr$2rdacarrier
=500  \\$a"A thesis submitted to the Faculty of Graduate Studies and Research in partial fulfilment of the requirements for the degree of Doctor of Philosophy, Department of Electrical Engineering."
=502  \\$bPh. D.$cUniversity of Alberta$d1976.
=504  \\$aIncludes bibliographical references (pages 117-119).
=650  \0$aThomson scattering.
=650  \0$aArgon plasmas.
=650  \0$aLaser-plasma interactions.
=710  2\$aUniversity of Alberta.$bDepartment of Electrical Engineering.
=900  \\$aNK27721
=949  \\$zUAIN$zETHESIS

