=LDR  01175ntm a22003131i 4500
=001  uab09278595
=003  UAB
=005  20141017112344.0
=006  m|||||o||d||||||||
=007  cr||||||||||||
=008  141017t19761976xx\adf\\obm\\\000\0\eng\d
=040  \\$aUAB$beng$erda$cUAB
=050  \4$aQR410$b.P38 1976
=090  \\$aInternet Access$bAEU
=100  1\$aPaucha, Eva,$eauthor.
=245  10$aStudies of the biosynthesis of mengo virus-specific polypeptides /$cby Eva Paucha.
=264  \1$c[1976]
=264  \4$c1976
=300  \\$a1 online resource (xvii, 136 pages) :$billustrations
=336  \\$atext$btxt$2rdacontent
=337  \\$acomputer$bc$2rdamedia
=338  \\$aonline resource$bcr$2rdacarrier
=500  \\$a"A thesis submitted to the Faculty of Graduate Studies and Research in partial fulfilment of the requirements for the degree of Doctor of Philosophy, Department of Biochemistry."
=502  \\$bPh. D.$cUniversity of Alberta$d1976.
=504  \\$aIncludes bibliographical references (pages 128-136).
=650  \0$aPicornaviruses.
=650  \0$aPolypeptides$xSynthesis.
=710  2\$aUniversity of Alberta.$bDepartment of Biochemistry.
=900  \\$aNK27722
=949  \\$zUAIN$zETHESIS

