=LDR  01254ntm a22003131i 4500
=001  uab09278596
=003  UAB
=005  20141017112503.0
=006  m|||||o||d||||||||
=007  cr||||||||||||
=008  141017t19761976xx\adf\\obm\\\000\0\eng\d
=040  \\$aUAB$beng$erda$cUAB
=050  \4$aQL377.C7$bP48 1976
=090  \\$aInternet Access$bAEU
=100  1\$aPeteya, Daniel J.,$eauthor.
=245  13$aAn anatomical study of the nervous system and some associated tissues of the anemone Stomphia coccinea (Mueller) /$cby Daniel J. Peteya.
=264  \1$c[1976]
=264  \4$c1976
=300  \\$a1 online resource (xiii, 227 pages, 1 unnumbered leaf of plates) :$billustrations
=336  \\$atext$btxt$2rdacontent
=337  \\$acomputer$bc$2rdamedia
=338  \\$aonline resource$bcr$2rdacarrier
=500  \\$a"A thesis submitted to the Faculty of Graduate Studies and Research in partial fulfilment of the requirements for the degree of Doctor of Philosophy, Department of Zoology."
=502  \\$bPh. D.$cUniversity of Alberta$d1976.
=504  \\$aIncludes bibliographical references (pages 211-223).
=650  \0$aSea anemones$xAnatomy.
=650  \0$aNervous system.
=710  2\$aUniversity of Alberta.$bDepartment of Zoology.
=900  \\$aNK27724
=949  \\$zUAIN$zETHESIS

