=LDR  01173ntm a22003131i 4500
=001  uab09278597
=003  UAB
=005  20141017112815.0
=006  m|||||o||d||||||||
=007  cr||||||||||||
=008  141017t19761976xx\adf\\obm\\\000\0\eng\d
=040  \\$aUAB$beng$erda$cUAB
=050  \4$aSF397.4$b.R53 1976
=090  \\$aInternet Access$bAEU
=100  1\$aRichmond, Robert John,$eauthor.
=245  10$aPhysical and chemical growth of carcass tissue in the pig /$cby Robert John Richmond.
=264  \1$c[1976]
=264  \4$c1976
=300  \\$a1 online resource (xvi, 156 pages) :$billustrations
=336  \\$atext$btxt$2rdacontent
=337  \\$acomputer$bc$2rdamedia
=338  \\$aonline resource$bcr$2rdacarrier
=500  \\$a"A thesis submitted to the Faculty of Graduate Studies in partial fulfillment of the requirements for the degree of Doctor of Philosophy, Department of Animal Science."
=502  \\$bPh. D.$cUniversity of Alberta$d1976.
=504  \\$aIncludes bibliographical references (pages 134-153).
=650  \0$aSwine$xCarcasses.
=650  \0$aSwine$xGrowth.
=710  2\$aUniversity of Alberta.$bDepartment of Animal Science.
=900  \\$aNK27728
=949  \\$zUAIN$zETHESIS

