=LDR  01254ntm a22003251i 4500
=001  uab09278599
=003  UAB
=005  20141017113418.0
=006  m|||||o||d||||||||
=007  cr||||||||||||
=008  141017t19761976xx\adf\\obm\\\000\0\eng\d
=040  \\$aUAB$beng$erda$cUAB
=050  \4$aQD419$b.T36 1976
=090  \\$aInternet Access$bAEU
=100  1\$aTang, Joseph Shek-Hung,$eauthor.
=245  10$aThermodynamic study of strong acid cation exchange resins /$cby Joseph Shek-Hung Tang.
=264  \1$c[1976]
=264  \4$c1976
=300  \\$a1 online resource (xviii, 224 pages) :$billustrations
=336  \\$atext$btxt$2rdacontent
=337  \\$acomputer$bc$2rdamedia
=338  \\$aonline resource$bcr$2rdacarrier
=500  \\$a"A thesis submitted to the Faculty of Graduate Studies and Research in partial fulfilment of the requirements for the degree of Doctor of Philosophy, Department of Chemistry."
=502  \\$bPh. D.$cUniversity of Alberta$d1976.
=504  \\$aIncludes bibliographical references (pages 197-205).
=590  \\$aLibrary copy imperfect: faded throughout.
=650  \0$aGums and resins$xThermal properties.
=650  \0$aHydrogen ions.
=710  2\$aUniversity of Alberta.$bDepartment of Chemistry.
=900  \\$aNK27744
=949  \\$zUAIN$zETHESIS

