=LDR  01263ntm a22003251i 4500
=001  uab09278603
=003  UAB
=005  20141017114131.0
=006  m|||||o||d||||||||
=007  cr||||||||||||
=008  141017t19761976xx\adf\\obm\\\000\0\eng\d
=040  \\$aUAB$beng$erda$cUAB
=050  \4$aQD411.8.M48$bV36 1976
=090  \\$aInternet Access$bAEU
=100  1\$aVancea, Liviu,$eauthor.
=245  10$aCarbon-13 NMR studies of stereochemically nonrigid six-coordinate metal carbonyl derivatives /$cby Liviu Vancea.
=264  \1$c[1976]
=264  \4$c1976
=300  \\$a1 online resource (xv, 168 pages) :$billustrations
=336  \\$atext$btxt$2rdacontent
=337  \\$acomputer$bc$2rdamedia
=338  \\$aonline resource$bcr$2rdacarrier
=500  \\$a"A thesis submitted to the Faculty of Graduate Studies and Research in partial fulfilment of the requirements for the degree of Doctor of Philosophy, Department of Chemistry."
=502  \\$bPh. D.$cUniversity of Alberta$d1976.
=504  \\$aIncludes bibliographical references (pages 152-168).
=650  \0$aMetal carbonyls$xDerivatives$xSpectra.
=650  \0$aNuclear magnetic resonance.
=650  \0$aStereochemistry.
=710  2\$aUniversity of Alberta.$bDepartment of Chemistry.
=900  \\$aNK27752
=949  \\$zUAIN$zETHESIS

