=LDR  01197ntm a22003251i 4500
=001  uab09278607
=003  UAB
=005  20141017114725.0
=006  m|||||o||d||||||||
=007  cr||||||||||||
=008  141017t19761976xx\adf\\obm\\\000\0\eng\d
=040  \\$aUAB$beng$erda$cUAB
=050  \4$aQR342.2.R17$bW66 1976
=090  \\$aInternet Access$bAEU
=100  1\$aWong, Kenneth,$eauthor.
=245  10$aPhage R17 RNA penetration /$cby Kenneth Wong.
=264  \1$c[1976]
=264  \4$c1976
=300  \\$a1 online resource (xviii, 177 pages) :$billustrations
=336  \\$atext$btxt$2rdacontent
=337  \\$acomputer$bc$2rdamedia
=338  \\$aonline resource$bcr$2rdacarrier
=500  \\$a"A thesis submitted to the Faculty of Graduate Studies and Research in partial fulfilment of the requirements for the degree of Doctor of Philosophy, Department of Biochemistry."
=502  \\$bPh. D.$cUniversity of Alberta$d1976.
=504  \\$aIncludes bibliographical references (pages 168-175).
=590  \\$aLibrary copy imperfect: page 51 scanned twice.
=650  \0$aBacteriophages.
=650  \0$aRNA viruses.
=710  2\$aUniversity of Alberta.$bDepartment of Biochemistry.
=900  \\$aNK27761
=949  \\$zUAIN$zETHESIS

