=LDR  01177ntm a22003131i 4500
=001  uab09278612
=003  UAB
=005  20141017115924.0
=006  m|||||o||d||||||||
=007  cr||||||||||||
=008  141017t19761976xx\\\\\\obm\\\000\0\eng\d
=040  \\$aUAB$beng$erda$cUAB
=050  \4$aQA166.23$b.L58 1976
=090  \\$aInternet Access$bAEU
=100  1\$aLiu, Chiang-Fung Andrew,$eauthor.
=245  10$aSome results on hypergraphs /$cby Chiang-Fung Andrew Liu.
=264  \1$c[1976]
=264  \4$c1976
=300  \\$a1 online resource (viii, 107 pages)
=336  \\$atext$btxt$2rdacontent
=337  \\$acomputer$bc$2rdamedia
=338  \\$aonline resource$bcr$2rdacarrier
=500  \\$a"A thesis submitted to the Faculty of Graduate Studies and Research in partial fulfilment of the requirements for the degree of Doctor of Philosophy, Department of Mathematics."
=502  \\$bPh. D.$cUniversity of Alberta$d1976.
=504  \\$aIncludes bibliographical references (pages 102-107).
=590  \\$aLibrary copy imperfect: foxed throughout; page 46 wanting.
=650  \0$aHypergraphs.
=710  2\$aUniversity of Alberta.$bDepartment of Mathematics.
=900  \\$aNK29500
=949  \\$zUAIN$zETHESIS

