=LDR  01370ntm a22003371i 4500
=001  uab09278620
=003  UAB
=005  20141017121658.0
=006  m|||||o||d||||||||
=007  cr||||||||||||
=008  141017t19761976xx\\\\\\obm\\\000\0deng\d
=040  \\$aUAB$beng$erda$cUAB
=043  \\$ae-uk---
=050  \4$aPR2045$b.B45 1976
=090  \\$aInternet Access$bAEU
=100  1\$aBelyea, Barbara,$eauthor.
=245  10$aVersions of the Morte Darthur :$bEnglish translation and printing in the fifteenth century /$cby Barbara Belyea.
=264  \1$c[1976]
=264  \4$c1976
=300  \\$a1 online resource (vii, 160 pages)
=336  \\$atext$btxt$2rdacontent
=337  \\$acomputer$bc$2rdamedia
=338  \\$aonline resource$bcr$2rdacarrier
=500  \\$a"A thesis submitted to the Faculty of Graduate Studies and Research in partial fulfilment of the requirements for the degree of Doctor of Philosophy, Department of Comparative Literature."
=502  \\$bPh. D.$cUniversity of Alberta$d1976.
=504  \\$aIncludes bibliographical references (pages 144-160).
=600  10$aMalory, Thomas,$cSir,$dactive 15th century.$tMorte d'Arthur.$lEnglish.
=650  \0$aTranslating and interpreting$zGreat Britain$xHistory.
=650  \0$aPrinting$zGreat Britain$xHistory.
=710  2\$aUniversity of Alberta.$bDepartment of Comparative Literature.
=900  \\$aNK30615
=949  \\$zUAIN$zETHESIS





