=LDR  01360ntm a22003371i 4500
=001  uab09278621
=003  UAB
=005  20141017121857.0
=006  m|||||o||d||||||||
=007  cr||||||||||||
=008  141017t19761976xx\af\\\obm\\\000\0\eng\d
=040  \\$aUAB$beng$erda$cUAB
=043  \\$an-us-tn
=050  \4$aBX7990.H6$bB57 1976
=090  \\$aInternet Access$bAEU
=100  1\$aBirckhead, Roy James,$eauthor.
=245  10$aToward the creation of a community of saints /$cby Roy James Birckhead.
=264  \1$c[1976]
=264  \4$c1976
=300  \\$a1 online resource (1 unnumbered page, xv, 327 pages) :$billustrations
=336  \\$atext$btxt$2rdacontent
=337  \\$acomputer$bc$2rdamedia
=338  \\$aonline resource$bcr$2rdacarrier
=500  \\$a"A thesis submitted to the Faculty of Graduate Studies and Research in partial fulfilment of the requirements for the degree of Doctor of Philosophy, Department of Anthropology."
=502  \\$bPh. D.$cUniversity of Alberta$d1976.
=504  \\$aIncludes bibliographical references (pages 300-313).
=590  \\$aLibrary copy imperfect: faded throughout; 1 unnumbered page, xv pages, and pages 1-81 scanned twice.
=650  \0$aSnake cults (Holiness churches)$zTennessee.
=650  \0$aReligious communities.
=710  2\$aUniversity of Alberta.$bDepartment of Anthropology.
=900  \\$aNK30618
=949  \\$zUAIN$zETHESIS

