=LDR  01185ntm a22003131i 4500
=001  uab09278631
=003  UAB
=005  20141017130136.0
=006  m|||||o||d||||||||
=007  cr||||||||||||
=008  141017t19761976xx\df\\\obm\\\000\0\eng\d
=040  \\$aUAB$beng$erda$cUAB
=043  \\$an-cn---
=050  \4$aHD6099$b.D43 1976
=090  \\$aInternet Access$bAEU
=100  1\$aDecore, A. M.$q(Anne Marie),$eauthor.
=245  10$aWomen and work in Canada, 1961 and 1971 /$cby Anne Marie Decore.
=264  \1$c[1976]
=264  \4$c1976
=300  \\$a1 online resource (xiii, 180 pages) :$billustrations
=336  \\$atext$btxt$2rdacontent
=337  \\$acomputer$bc$2rdamedia
=338  \\$aonline resource$bcr$2rdacarrier
=500  \\$a"A thesis submitted to the Faculty of Graduate Studies and Research in partial fulfilment of the requirements for the degree of Doctor of Philosophy, Department of Sociology."
=502  \\$bPh. D.$cUniversity of Alberta$d1976.
=504  \\$aIncludes bibliographical references (pages 170-178).
=650  \0$aWomen$xEmployment$zCanada$xHistory$y20th century.
=710  2\$aUniversity of Alberta.$bDepartment of Sociology.
=900  \\$aNK30657
=949  \\$zUAIN$zETHESIS

