=LDR  01163ntm a22003131i 4500
=001  uab09278634
=003  UAB
=005  20141017130736.0
=006  m|||||o||d||||||||
=007  cr||||||||||||
=008  141017t19761976xx\adf\\obm\\\000\0\eng\d
=040  \\$aUAB$beng$erda$cUAB
=050  \4$aQL737.C23$bD89 1976
=090  \\$aInternet Access$bAEU
=100  1\$aDuysens, Jacques,$eauthor.
=245  10$aReflex control of cat walking /$cby Jacques E. Duysens.
=264  \1$c[1976]
=264  \4$c1976
=300  \\$a1 online resource (xv, 141 pages) :$billustrations
=336  \\$atext$btxt$2rdacontent
=337  \\$acomputer$bc$2rdamedia
=338  \\$aonline resource$bcr$2rdacarrier
=500  \\$a"A thesis submitted to the Faculty of Graduate Studies and Research in partial fulfilment of the requirements for the degree of Doctor of Philosophy in Physiology, Department of Physiology."
=502  \\$bPh. D.$cUniversity of Alberta$d1976.
=504  \\$aIncludes bibliographical references (pages 134-141).
=650  \0$aCats$xLocomotion$xPhysiology.
=650  \0$aReflexes.
=710  2\$aUniversity of Alberta.$bDepartment of Physiology.
=900  \\$aNK30669
=949  \\$zUAIN$zETHESIS

