=LDR  01222ntm a22003131i 4500
=001  uab09278640
=003  UAB
=005  20141017131810.0
=006  m|||||o||d||||||||
=007  cr||||||||||||
=008  141017t19761976xx\a\\\\obm\\\000\0deng\d
=040  \\$aUAB$beng$erda$cUAB
=050  \4$aPR6019.O9$bF5634 1976
=090  \\$aInternet Access$bAEU
=100  1\$aGilhooly, James Francis,$eauthor.
=245  10$aGeometry in Finnegans wake :$ba study of rebirth, inspiration and magic /$cby James Francis Gilhooly.
=264  \1$c[1976]
=264  \4$c1976
=300  \\$a1 online resource (xi, 487 pages) :$billustrations
=336  \\$atext$btxt$2rdacontent
=337  \\$acomputer$bc$2rdamedia
=338  \\$aonline resource$bcr$2rdacarrier
=500  \\$a"A thesis submitted to the Faculty of Graduate Studies and Research in partial fulfilment of the requirements for the degree of Doctor of Philosophy, Department English."
=502  \\$bPh. D.$cUniversity of Alberta$d1976.
=504  \\$aIncludes bibliographical references (pages 431-487).
=600  10$aJoyce, James,$d1882-1941.$tFinnegans wake.
=650  \0$aGeometry in literature.
=710  2\$aUniversity of Alberta.$bDepartment of English.
=900  \\$aNK30686
=949  \\$zUAIN$zETHESIS

