=LDR  01560ntm a22003611i 4500
=001  uab09278643
=003  UAB
=005  20141017132859.0
=006  m|||||o||d||||||||
=007  cr||||||||||||
=008  141017t19761976xx\adf\\obm\\\000\0\eng\d
=040  \\$aUAB$beng$erda$cUAB
=050  \4$aQL638.C94$bF79 1976
=090  \\$aInternet Access$bAEU
=100  1\$aFryer, James Nolan,$eauthor.
=245  10$aHypothalamic control of adrenocorticotrophic hormone secretion in the goldfish, Carassius auratus /$cby James Nolan Fryer.
=264  \1$c[1976]
=264  \4$c1976
=300  \\$a1 online resource (xiii, 140 pages) :$billustrations
=336  \\$atext$btxt$2rdacontent
=337  \\$acomputer$bc$2rdamedia
=338  \\$aonline resource$bcr$2rdacarrier
=500  \\$a"A thesis submitted to the Faculty of Graduate Studies and Research in partial fulfilment of the requirements for the degree of Doctor of Philosophy, Department of Zoology."
=500  \\$aStress and adrenocorticosteroid dynamics in the goldfish, Carassius auratus from the Canadian journal of zoology.
=502  \\$bPh. D.$cUniversity of Alberta$d1976.
=504  \\$aIncludes bibliographical references (pages 123-130).
=650  \0$aGoldfish.
=650  \0$aACTH$xSecretion$xRegulation.
=650  \0$aHypothalamic hormones$xSecretion$xRegulation.
=700  12$aFryer, James N.$tStress and adrenocorticosteroid dynamics in the goldfish, Carassius auratus.
=710  2\$aUniversity of Alberta.$bDepartment of Zoology.
=730  0\$aCanadian journal of zoology.
=900  \\$aNK30695
=949  \\$zUAIN$zETHESIS

