=LDR  01307ntm a22003371i 4500
=001  uab09278713
=003  UAB
=005  20141017181017.0
=006  m|||||o||d||||||||
=007  cr||||||||||||
=008  141017t19761976xx\acdf\obm\\\000\0\eng\d
=040  \\$aUAB$beng$erda$cUAB
=050  \4$aBF637.C47$bH79 1976
=090  \\$aInternet Access$bAEU
=100  1\$aHrycaiko, Dennis,$eauthor.
=245  14$aThe effects of competition and social reinforcement upon perceptual motor performance /$cby Dennis W. Hrycaiko.
=264  \1$c[1976]
=264  \4$c1976
=300  \\$a1 online resource (xiii, 208 pages) :$billustrations, portraits
=336  \\$atext$btxt$2rdacontent
=337  \\$acomputer$bc$2rdamedia
=338  \\$aonline resource$bcr$2rdacarrier
=500  \\$a"A thesis submitted to the Faculty of Graduate Studies and Research in partial fulfillment of the requirements for the degree of Doctor of Philosophy, Department of Physical Education."
=502  \\$bPh. D.$cUniversity of Alberta$d1976.
=504  \\$aIncludes bibliographical references (pages 139-152).
=650  \0$aCompetition (Psychology)
=650  \0$aReinforcement (Psychology)
=650  \0$aPerformance.
=650  \0$aMotor ability.
=710  2\$aUniversity of Alberta.$bDepartment of Physical Education.
=900  \\$aNK30715
=949  \\$zUAIN$zETHESIS

