=LDR  01310ntm a22003251i 4500
=001  uab09278717
=003  UAB
=005  20141017181650.0
=006  m|||||o||d||||||||
=007  cr||||||||||||
=008  141017t19761976xx\abdf\obm\\\000\0\eng\d
=040  \\$aUAB$beng$erda$cUAB
=050  \4$aQC754.2.M3$bL36 1976
=090  \\$aInternet Access$bAEU
=100  1\$aLam, Hing-Lan,$eauthor.
=245  10$aGeneration mechanisms for the transient ultra low frequency oscillations (1-16 mHz) of the earth's magnetic field in the morning sector /$cby Hing-Lan Lam.
=264  \1$c[1976]
=264  \4$c1976
=300  \\$a1 online resource (xxi, 248 pages) :$billustrations, map
=336  \\$atext$btxt$2rdacontent
=337  \\$acomputer$bc$2rdamedia
=338  \\$aonline resource$bcr$2rdacarrier
=500  \\$a"A thesis submitted to the Faculty of Graduate Studies and Research in partial fulfilment of the requirements for the degree of Doctor of Philosophy in Geophysics, Department of Physics."
=502  \\$bPh. D.$cUniversity of Alberta$d1976.
=504  \\$aIncludes bibliographical references (pages 208-220).
=650  \0$aMagnetic fields.
=650  \0$aFrequencies of oscillating systems.
=650  \0$aAuroral electrojet.
=710  2\$aUniversity of Alberta.$bDepartment of Physics.
=900  \\$aNK30731
=949  \\$zUAIN$zETHESIS

