=LDR  01293ntm a22003251i 4500
=001  uab09278724
=003  UAB
=005  20141017182445.0
=006  m|||||o||d||||||||
=007  cr||||||||||||
=008  141017t19761976xx\adf\\obm\\\000\0\eng\d
=040  \\$aUAB$beng$erda$cUAB
=050  \4$aQA76.9.D26$bL85 1976
=090  \\$aInternet Access$bAEU
=100  1\$aLuk, Wo-Shun,$eauthor.
=245  10$aAnalytic evaluation of information retrieval processes /$cby Wo-Shun Luk.
=264  \1$c[1976]
=264  \4$c1976
=300  \\$a1 online resource (vii, 89 pages) :$billustrations
=336  \\$atext$btxt$2rdacontent
=337  \\$acomputer$bc$2rdamedia
=338  \\$aonline resource$bcr$2rdacarrier
=500  \\$a"A thesis submitted to the Faculty of Graduate Studies and Research in partial fulfilment of the requirements for the degree of Doctor of Philosophy in Computing Science, Department of Computing Science."
=502  \\$bPh. D.$cUniversity of Alberta$d1976.
=504  \\$aIncludes bibliographical references (pages 73-75).
=590  \\$aLibrary copy imperfect: blank page inserted between pages 46 and 47.
=650  \0$aInformation retrieval.
=650  \0$aElectronic data processing.
=710  2\$aUniversity of Alberta.$bDepartment of Computing Science.
=900  \\$aNK30749
=949  \\$zUAIN$zETHESIS

