=LDR  01218ntm a22003131i 4500
=001  uab09278728
=003  UAB
=005  20141017183314.0
=006  m|||||o||d||||||||
=007  cr||||||||||||
=008  141017t19761976xx\\\\\\obm\\\000\0\eng\d
=040  \\$aUAB$beng$erda$cUAB
=050  \4$aQL537.D76$bN34 1976
=090  \\$aInternet Access$bAEU
=100  1\$aNaguib, Fardos Naguib Mohammed,$eauthor.
=245  10$aAuxotrophic mutants of the second chromosome of Drosophila melanogaster /$cby Fardos Naguib Mohammed Naguib.
=264  \1$c[1976]
=264  \4$c1976
=300  \\$a1 online resource (xiii, 190 pages)
=336  \\$atext$btxt$2rdacontent
=337  \\$acomputer$bc$2rdamedia
=338  \\$aonline resource$bcr$2rdacarrier
=500  \\$a"A thesis submitted to the Faculty of Graduate Studies and Research in partial fulfilment of the requirements for the degree of Doctor of Philosophy, Department of Genetics."
=502  \\$bPh. D.$cUniversity of Alberta$d1976.
=504  \\$aIncludes bibliographical references (pages 152-163).
=650  \0$aDrosophila melanogaster$xGenetics.
=650  \0$aChromosome abnormalities.
=710  2\$aUniversity of Alberta.$bDepartment of Genetics.
=900  \\$aNK30775
=949  \\$zUAIN$zETHESIS

