=LDR  01402ntm a22003371i 4500
=001  uab09278729
=003  UAB
=005  20141017183614.0
=006  m|||||o||d||||||||
=007  cr||||||||||||
=008  141017t19761976xx\af\\\obm\\\000\0\eng\d
=040  \\$aUAB$beng$erda$cUAB
=043  \\$an-cn---
=050  \4$aJL67.E26$bN63 1976
=090  \\$aInternet Access$bAEU
=100  1\$aNock, David A.,$eauthor.
=245  14$aThe intimate connection :$blinks between the political and economic systems in Canadian federal politics /$cby David A. Nock, M.A.
=264  \1$c[1976]
=264  \4$c1976
=300  \\$a1 online resource (1 unnumbered page, viii, 400 pages) :$billustration
=336  \\$atext$btxt$2rdacontent
=337  \\$acomputer$bc$2rdamedia
=338  \\$aonline resource$bcr$2rdacarrier
=500  \\$a"A thesis submitted to the Faculty of Graduate Studies and Research in partial fulfilment of the requirements for the degree of Doctor of Philosophy, Department of Sociology."
=502  \\$bPh. D.$cUniversity of Alberta$d1976.
=504  \\$aIncludes bibliographical references (pages [387]-400).
=590  \\$aLibrary copy imperfect: foxed throughout; 1 unnumbered page, viii pages, and pages 1-88 scanned twice.
=651  \0$aCanada$xPolitics and government.
=651  \0$aCanada$xEconomic policy.
=710  2\$aUniversity of Alberta.$bDepartment of Sociology.
=900  \\$aNK30783
=949  \\$zUAIN$zETHESIS

