=LDR  01295ntm a22003491i 4500
=001  uab09278733
=003  UAB
=005  20141017184603.0
=006  m|||||o||d||||||||
=007  cr||||||||||||
=008  141017t19761976xx\\\\\\obm\\\000\0deng\d
=040  \\$aUAB$beng$erda$cUAB
=050  \4$aCT25$b.S93 1976
=090  \\$aInternet Access$bAEU
=100  1\$aSwartz, Shirley C.,$eauthor.
=245  14$aThe impersonal self in modern autobiography :$bStein, Lewis and Yeats /$cby Shirley C. Swartz.
=264  \1$c[1976]
=264  \4$c1976
=300  \\$a1 online resource (viii, 365 pages)
=336  \\$atext$btxt$2rdacontent
=337  \\$acomputer$bc$2rdamedia
=338  \\$aonline resource$bcr$2rdacarrier
=500  \\$a"A thesis submitted to the Faculty of Graduate Studies and Research in partial fulfilment of the requirements for the degree of Doctor of Philosophy, Department of English."
=502  \\$bPh. D.$cUniversity of Alberta$d1976.
=504  \\$aIncludes bibliographical references (pages 343-365).
=650  \0$aAutobiography.
=650  \0$aSelf.
=600  10$aLewis, Wyndham,$d1882-1957.
=600  10$aStein, Gertrude,$d1874-1946.
=600  10$aYeats, W. B.$q(William Butler),$d1865-1939.
=710  2\$aUniversity of Alberta.$bDepartment of English.
=900  \\$aNK30845
=949  \\$zUAIN$zETHESIS

