=LDR  01249ntm a22003251i 4500
=001  uab09278736
=003  UAB
=005  20141017184921.0
=006  m|||||o||d||||||||
=007  cr||||||||||||
=008  141017t19761976xx\adf\\obm\\\000\0\eng\d
=040  \\$aUAB$beng$erda$cUAB
=050  \4$aTK6565.A55$bS97 1976
=090  \\$aInternet Access$bAEU
=100  1\$aSyrett, Barry Albert,$eauthor.
=245  10$aFeedforward linearization of a stable IMPATT amplifier /$cby Barry Albert Syrett.
=264  \1$c[1976]
=264  \4$c1976
=300  \\$a1 online resource (xviii, 251 pages) :$billustrations
=336  \\$atext$btxt$2rdacontent
=337  \\$acomputer$bc$2rdamedia
=338  \\$aonline resource$bcr$2rdacarrier
=500  \\$a"A thesis submitted to the Faculty of Graduate Studies and Research in partial fulfilment of the requirements for the degree of Doctor of Philosophy, Department of Electrical Engineering."
=502  \\$bPh. D.$cUniversity of Alberta$d1976.
=504  \\$aIncludes bibliographical references (pages 239-245).
=650  \0$aAmplifiers, Radio frequency.
=650  \0$aDiodes, IMPATT.
=650  \0$aElectric distortion.
=710  2\$aUniversity of Alberta.$bDepartment of Electrical Engineering.
=900  \\$aNK30847
=949  \\$zUAIN$zETHESIS

