=LDR  01324ntm a22003371i 4500
=001  uab09278763
=003  UAB
=005  20141017201411.0
=006  m|||||o||d||||||||
=007  cr||||||||||||
=008  141017t19761976xx\\\\\\obm\\\000\0beng\d
=040  \\$aUAB$beng$erda$cUAB
=043  \\$ae-au---
=050  \4$aDB73.K38$bS93 1976
=090  \\$aInternet Access$bAEU
=100  1\$aSzabo, Franz A. J.,$eauthor.
=245  10$aKaunitz and the reforms of the co-regency of Maria Theresia and Joseph II, 1765-1780 /$cby Franz A.J. Szabo.
=264  \1$c[1976]
=264  \4$c1976
=300  \\$a1 online resource (vii, 462 pages)
=336  \\$atext$btxt$2rdacontent
=337  \\$acomputer$bc$2rdamedia
=338  \\$aonline resource$bcr$2rdacarrier
=500  \\$a"A thesis submitted to the Faculty of Graduate Studies and Research in partial fulfilment of the requirements for the degree of Doctor of Philosophy, Department of History."
=502  \\$bPh. D.$cUniversity of Alberta$d1976.
=504  \\$aIncludes bibliographical references (pages 441-462).
=600  10$aKaunitz-Rietberg, Wenzel Anton,$cFurst,$d1711-1794.
=651  \0$aAustria$xHistory$yMaria Theresa, 1740-1780.
=651  \0$aAustria$xPolitics and government$y1740-1780.
=710  2\$aUniversity of Alberta.$bDepartment of History.
=900  \\$aNK30848
=949  \\$zUAIN$zETHESIS

