=LDR  01340ntm a22003371i 4500
=001  uab09278765
=003  UAB
=005  20141017201802.0
=006  m|||||o||d||||||||
=007  cr||||||||||||
=008  141017t19761976xx\df\\\obm\\\000\0\eng\d
=040  \\$aUAB$beng$erda$cUAB
=050  \4$aQD412.H6$bT68 1976
=090  \\$aInternet Access$bAEU
=100  1\$aTourangeau, Mary Coreen,$eauthor.
=245  10$aNuclear magnetic resonance studies of the solution chemistry of methylmercury complexes and of aqueous lanthanide shift reagents /$cby Mary Coreen Tourangeau.
=264  \1$c[1976]
=264  \4$c1976
=300  \\$a1 online resource (xvi, 205 pages) :$billustrations
=336  \\$atext$btxt$2rdacontent
=337  \\$acomputer$bc$2rdamedia
=338  \\$aonline resource$bcr$2rdacarrier
=500  \\$a"A thesis submitted to the Faculty of Graduate Studies and Research in partial fulfilment of the requirements for the degree of Doctor of Philosophy, Department of Chemistry."
=502  \\$bPh. D.$cUniversity of Alberta$d1976.
=504  \\$aIncludes bibliographical references (pages 199-205).
=650  \0$aMethylmercury.
=650  \0$aLanthanide shift reagents.
=650  \0$aSolution (Chemistry)
=650  \0$aNuclear magnetic resonance.
=710  2\$aUniversity of Alberta.$bDepartment of Chemistry.
=900  \\$aNK30853
=949  \\$zUAIN$zETHESIS

