=LDR  01288ntm a22003251i 4500
=001  uab09278961
=003  UAB
=005  20141020101230.0
=006  m|||||o||d||||||||
=007  cr||||||||||||
=008  141020t19771977xx\adf\\obm\\\000\0\eng\d
=040  \\$aUAB$beng$erda$cUAB
=050  \4$aQP552.M93$bB87 1977
=090  \\$aInternet Access$bAEU
=100  1\$aBurtnick, Leslie David,$eauthor.
=245  14$aThe isolation and characterization of the components of bovine cardiac troponin and an investigation of their interaction properties /$cby Leslie David Burtnick.
=264  \1$c[1977]
=264  \4$c1977
=300  \\$a1 online resource (xvi, 130 pages) :$billustrations
=336  \\$atext$btxt$2rdacontent
=337  \\$acomputer$bc$2rdamedia
=338  \\$aonline resource$bcr$2rdacarrier
=500  \\$a"A thesis submitted to the Faculty of Graduate Studies and Research in partial fulfilment of the requirements for the degree of Doctor of Philosophy, Department of Biochemistry."
=502  \\$bPh. D.$cUniversity of Alberta$d1977.
=504  \\$aIncludes bibliographical references (pages 121-126).
=650  \0$aTropomyosins.
=650  \0$aMyocardium.
=650  \0$aCattle$xPhysiology.
=710  2\$aUniversity of Alberta.$bDepartment of Biochemistry.
=900  \\$aNK31945
=949  \\$zUAIN$zETHESIS

