=LDR  01443ntm a22003371i 4500
=001  uab09278965
=003  UAB
=005  20141020101734.0
=006  m|||||o||d||||||||
=007  cr||||||||||||
=008  141020t19771977xx\abdf\obm\\\000\0\eng\d
=040  \\$aUAB$beng$erda$cUAB
=043  \\$an-cn-ab
=050  \4$aS592.38$b.C76 1977
=090  \\$aInternet Access$bAEU
=100  1\$aCrown, P. H.,$eauthor.$q(Peter Herbert)
=245  10$aSpectral reflectance and emittance and associated photographic and non-photographic imagery in relation to soils of the Edmonton-Vegreville region, Alberta /$cby Peter Herbert Crown, B.S.A., M. Sc.
=264  \1$c[1977]
=264  \4$c1977
=300  \\$a1 online resource (xviii, 192 pages) :$billustrations, maps
=336  \\$atext$btxt$2rdacontent
=337  \\$acomputer$bc$2rdamedia
=338  \\$aonline resource$bcr$2rdacarrier
=500  \\$a"A thesis submitted to the Faculty of Graduate Studies and Research in partial fulfilment of the requirements for the degree of Doctor of Philosophy, Department of Soil Science."
=502  \\$bPh. D.$cUniversity of Alberta$d1977.
=504  \\$aIncludes bibliographical references (pages 172-180).
=650  \0$aSoils$zAlberta$zEdmonton$xOptical properties.
=650  \0$aSpectral reflectance$zAlberta$zEdmonton.
=650  \0$aSpectral irradiance$zAlberta$zEdmonton.
=710  2\$aUniversity of Alberta.$bDepartment of Soil Science.
=900  \\$aNK31958
=949  \\$zUAIN$zETHESIS

