=LDR  01294ntm a22003251i 4500
=001  uab09278971
=003  UAB
=005  20141020103730.0
=006  m|||||o||d||||||||
=007  cr||||||||||||
=008  141020t19771977xx\adf\\obm\\\000\0\eng\d
=040  \\$aUAB$beng$erda$cUAB
=050  \4$aQC638$b.H53 1977
=090  \\$aInternet Access$bAEU
=100  1\$aHibbs, Roy D.,$cJr.,$eauthor.
=245  10$aSource effects in the three-dimensional electromagnetic induction problem with emphasis on transfer function analysis /$cby Roy D. Hibbs, Jr.
=264  \1$c[1977]
=264  \4$c1977
=300  \\$a1 online resource (xix, 288 pages) :$billustrations
=336  \\$atext$btxt$2rdacontent
=337  \\$acomputer$bc$2rdamedia
=338  \\$aonline resource$bcr$2rdacarrier
=500  \\$a"A thesis submitted to the Faculty of Graduate Studies and Research in partial fulfilment of the requirements for the degree of Doctor of Philosophy in Geophysics, Department of Physics."
=502  \\$bPh. D.$cUniversity of Alberta$d1977.
=504  \\$aIncludes bibliographical references (pages 254-269).
=650  \0$aElectromagnetic induction.
=650  \0$aTransfer functions.
=650  \0$aPerturbation (Mathematics)
=710  2\$aUniversity of Alberta.$bDepartment of Physics.
=900  \\$aNK31985
=949  \\$zUAIN$zETHESIS

