=LDR  01379ntm a22003611i 4500
=001  uab09279032
=003  UAB
=005  20141020120709.0
=006  m|||||o||d||||||||
=007  cr||||||||||||
=008  141020t19741974xx\bdf\\obm\\\000\0\eng\d
=040  \\$aUAB$beng$erda$cUAB
=043  \\$an-cn-ab
=050  \4$aBL60$b.Y68 1974
=090  \\$aInternet Access$bAEU
=100  1\$aYoung, Mary M.,$eauthor.
=245  10$aBoundary maintenance in a religious minority group in western Canada /$cby Mary M. Young.
=264  \1$c[1974]
=264  \4$c1974
=300  \\$a1 online resource (xiii, 309 pages) :$billustration, maps
=336  \\$atext$btxt$2rdacontent
=337  \\$acomputer$bc$2rdamedia
=338  \\$aonline resource$bcr$2rdacarrier
=500  \\$a"A thesis submitted to the Faculty of Graduate Studies and Research in partial fulfilment of the requirements for the degree of Doctor of Philosophy, Department of Anthropology."
=502  \\$bPh. D.$cUniversity of Alberta$d1974.
=504  \\$aIncludes bibliographical references (pages 300-308).
=590  \\$aLibrary copy imperfect: page 104 scanned twice.
=650  \0$aReligion and sociology.
=650  \0$aReligion and geography.
=650  \0$aReligious minorities$zAlberta$zTofield.
=650  \0$aOld Colony Mennonites.
=710  2\$aUniversity of Alberta.$bDepartment of Anthropology.
=900  \\$aNK22012
=949  \\$zUAIN$zETHESIS

