=LDR  01382ntm a22003371i 4500
=001  uab09279035
=003  UAB
=005  20141020121123.0
=006  m|||||o||d||||||||
=007  cr||||||||||||
=008  141020t19741974xx\adf\\obm\\\000\0\eng\d
=040  \\$aUAB$beng$erda$cUAB
=050  \4$aQD305.S54$bW66 1974
=090  \\$aInternet Access$bAEU
=100  1\$aWood, Eric,$eauthor.
=245  10$aOrganosilyl([pi]-cyclopentadienyl)dicarbonyliron and related compounds :$bsynthesis and spectroscopic properties /$cby Eric Wood.
=264  \1$c[1974]
=264  \4$c1974
=300  \\$a1 online resource (xvi, 1-116, 116a, 117-151, 151a, 152-188 pages) :$billustrations
=336  \\$atext$btxt$2rdacontent
=337  \\$acomputer$bc$2rdamedia
=338  \\$aonline resource$bcr$2rdacarrier
=500  \\$a"A thesis submitted to the Faculty of Graduate Studies and Research in partial fulfilment of the requirements for the degree of Doctor of Philosophy, Department of Chemistry."
=502  \\$bPh. D.$cUniversity of Alberta$d1974.
=504  \\$aIncludes bibliographical references (pages 178-188).
=590  \\$aLibrary copy imperfect: page 160 scanned twice.
=650  \0$aOrganosilicon compounds$xSynthesis.
=650  \0$aCarbonyl compounds$xSynthesis.
=650  \0$aIron compounds$xSynthesis.
=710  2\$aUniversity of Alberta.$bDepartment of Chemistry.
=900  \\$aNK23367
=949  \\$zUAIN$zETHESIS

