=LDR  01292ntm a22003371i 4500
=001  uab09279039
=003  UAB
=005  20141020121944.0
=006  m|||||o||d||||||||
=007  cr||||||||||||
=008  141020t19751975xx\adf\\obm\\\000\0\eng\d
=040  \\$aUAB$beng$erda$cUAB
=050  \4$aQP535.C2$bC73 1975
=090  \\$aInternet Access$bAEU
=100  1\$aCrankshaw, Denis James,$eauthor.
=245  10$aStudies on calcium-regulation in two types of muscle /$cby Denis James Crankshaw.
=264  \1$c[1975]
=264  \4$c1975
=300  \\$a1 online resource (xx, 244 pages) :$billustrations
=336  \\$atext$btxt$2rdacontent
=337  \\$acomputer$bc$2rdamedia
=338  \\$aonline resource$bcr$2rdacarrier
=500  \\$a"A thesis submitted to the Faculty of Graduate Studies and Research in partial fulfillment of the requirements for the degree of Doctor of Philosophy, Department of Pharmacology."
=502  \\$bPh. D.$cUniversity of Alberta$d1975.
=504  \\$aIncludes bibliographical references (pages 221-244).
=650  \0$aCalcium$xPhysiological transport.
=650  \0$aCalcium$xMetabolism$xRegulation.
=650  \0$aMuscle contraction.
=650  \0$aRats as laboratory animals.
=710  2\$aUniversity of Alberta.$bDepartment of Pharmacology.
=900  \\$aNK24003
=949  \\$zUAIN$zETHESIS

