=LDR  01215ntm a22003131i 4500
=001  uab09279051
=003  UAB
=005  20141020123552.0
=006  m|||||o||d||||||||
=007  cr||||||||||||
=008  141020t19751975xx\adf\\obm\\\000\0\eng\d
=040  \\$aUAB$beng$erda$cUAB
=050  \4$aQR82.M5$bJ46 1975
=090  \\$aInternet Access$bAEU
=100  1\$aJensen, Susan E.,$eauthor.
=245  12$aA study of peptidoglycan biosynthesis in an in vitro system from Micrococcus sodonensis /$cby Susan E. Jensen.
=264  \1$c[1975]
=264  \4$c1975
=300  \\$a1 online resource (xvii, 172 pages) :$billustrations
=336  \\$atext$btxt$2rdacontent
=337  \\$acomputer$bc$2rdamedia
=338  \\$aonline resource$bcr$2rdacarrier
=500  \\$a"A thesis submitted to the Faculty of Graduate Studies and Research in partial fulfilment of the requirements for the degree of Doctor of Philosophy, Department of Microbiology."
=502  \\$bPh. D.$cUniversity of Alberta$d1975.
=504  \\$aIncludes bibliographical references (pages 159-172).
=650  \0$aMicrococcus luteus.
=650  \0$aPeptidoglycans$xSynthesis.
=710  2\$aUniversity of Alberta.$bDepartment of Microbiology.
=900  \\$aNK24068
=949  \\$zUAIN$zETHESIS

