=LDR  01386ntm a22003491i 4500
=001  uab09278984
=003  UAB
=005  20141020111046.0
=006  m|||||o||d||||||||
=007  cr||||||||||||
=008  141020t19731973xx\\\\\\obm\\\000\0dger\d
=040  \\$aUAB$beng$erda$cUAB
=041  0\$ager$beng
=050  \4$aPT1828.B6$bA6934 1973
=090  \\$aInternet Access$bAEU
=100  1\$aHartmetz, Dieter,$eauthor.
=245  10$aGeorg Buchners Lenz :$bantudealistische wendung zur Wirklichkeit im Ausdrucksbereich des Wahnunns /$cby Dieter Hartmetz.
=264  \1$c[1973]
=264  \4$c1973
=300  \\$a1 online resource (xi, 248 pages)
=336  \\$atext$btxt$2rdacontent
=337  \\$acomputer$bc$2rdamedia
=338  \\$aonline resource$bcr$2rdacarrier
=500  \\$a"A thesis submitted to the Faculty of Graduate Studies and Research in partial fulfilment of the requirements for the degree of Doctor of Philosophy, Department of Germanic Languages."
=502  \\$bPh. D.$cUniversity of Alberta$d1973.
=504  \\$aIncludes bibliographical references (pages 227-248).
=546  \\$aIn German; includes abstract in English.
=590  \\$aLibrary copy imperfect: page 37 scanned twice.
=600  10$aBuchner, Georg,$d1813-1837.$tLenz.
=650  \0$aReality in literature.
=710  2\$aUniversity of Alberta.$bDepartment of Germanic Languages.
=900  \\$aNK17539
=949  \\$zUAIN$zETHESIS

