=LDR  01285ntm a22003251i 4500
=001  uab09278989
=003  UAB
=005  20141020111916.0
=006  m|||||o||d||||||||
=007  cr||||||||||||
=008  141020t19731973xx\adf\\obm\\\000\0\eng\d
=040  \\$aUAB$beng$erda$cUAB
=050  \4$aQC176.8.R35$bH49 1973
=090  \\$aInternet Access$bAEU
=100  1\$aHewko, Richard Alex Dennis,$eauthor.
=245  10$aMeasurements of the temperature dependence of the longitudinal sound velocity in single crystals of solid helium /$cby Richard Alex Dennis Hewko.
=264  \1$c[1973]
=264  \4$c1973
=300  \\$a1 online resource (xi, 189 pages) :$billustrations
=336  \\$atext$btxt$2rdacontent
=337  \\$acomputer$bc$2rdamedia
=338  \\$aonline resource$bcr$2rdacarrier
=500  \\$a"A thesis submitted to the Faculty of Graduate Studies and Research in partial fulfilment of the requirements for the degree of Doctor of Philosophy, Department of Physics."
=502  \\$bPh. D.$cUniversity of Alberta$d1973.
=504  \\$aIncludes bibliographical references (pages 136-139).
=650  \0$aSolid helium$xEffect of temperature on.
=650  \0$aCrystals.
=650  \0$aSound$xSpeed.
=710  2\$aUniversity of Alberta.$bDepartment of Physics.
=900  \\$aNK17546
=949  \\$zUAIN$zETHESIS

