=LDR  01436ntm a22003611i 4500
=001  uab09278990
=003  UAB
=005  20141020112051.0
=006  m|||||o||d||||||||
=007  cr||||||||||||
=008  141020t19731973xx\adf\\obm\\\000\0\eng\d
=040  \\$aUAB$beng$erda$cUAB
=050  \4$aTK7872.T55$bH55 1973
=090  \\$aInternet Access$bAEU
=100  1\$aHillman, Garth Decker,$eauthor.
=245  10$aThin film transducers and their application to acousto-optic modulators /$cby Garth Decker Hillman.
=264  \1$c[1973]
=264  \4$c1973
=300  \\$a1 online resource (xxii, 142 pages) :$billustrations
=336  \\$atext$btxt$2rdacontent
=337  \\$acomputer$bc$2rdamedia
=338  \\$aonline resource$bcr$2rdacarrier
=500  \\$a"A thesis submitted to the Faculty of Graduate Studies and Research in partial fulfilment of the requirements for the degree of Doctor of Philosophy, Department of Electrical Engineering."
=500  \\$a"Previously copyrighted material in appendix 2 not microfilmed: l. 142"--Page 142.
=502  \\$bPh. D.$cUniversity of Alberta$d1973.
=504  \\$aIncludes bibliographical references (pages 130-138).
=650  \0$aThin film devices.
=650  \0$aTransducers.
=650  \0$aZinc oxide thin films.
=650  \0$aAcoustooptical devices.
=650  \0$aModulators (Electronics)
=710  2\$aUniversity of Alberta.$bDepartment of Electrical Engineering.
=900  \\$aNK17548
=949  \\$zUAIN$zETHESIS

