=LDR  01197ntm a22003251i 4500
=001  uab09279004
=003  UAB
=005  20141020112556.0
=006  m|||||o||d||||||||
=007  cr||||||||||||
=008  141020t19731973xx\adf\\obm\\\000\0\eng\d
=040  \\$aUAB$beng$erda$cUAB
=050  \4$aQD325$b.H86 1973
=090  \\$aInternet Access$bAEU
=100  1\$aHumphries, Alfred James Francis,$eauthor.
=245  14$aThe conformations of alkyl glycopyranosides /$cby Alfred James Francis Humphries.
=264  \1$c[1973]
=264  \4$c1973
=300  \\$a1 online resource (xix, 155 pages) :$billustrations
=336  \\$atext$btxt$2rdacontent
=337  \\$acomputer$bc$2rdamedia
=338  \\$aonline resource$bcr$2rdacarrier
=500  \\$a"A thesis submitted to the Faculty of Graduate Studies and Research in partial fulfilment of the requirements for the degree of Doctor of Philosophy, Department of Chemistry."
=502  \\$bPh. D.$cUniversity of Alberta$d1973.
=504  \\$aIncludes bibliographical references (pages 147-155).
=650  \0$aGlycosides.
=650  \0$aAlkanes.
=650  \0$aNuclear spin.
=710  2\$aUniversity of Alberta.$bDepartment of Chemistry.
=900  \\$aNK17557
=949  \\$zUAIN$zETHESIS

