=LDR  01265ntm a22003251i 4500
=001  uab09279010
=003  UAB
=005  20141020112934.0
=006  m|||||o||d||||||||
=007  cr||||||||||||
=008  141020t19731973xx\adf\\obm\\\000\0\eng\d
=040  \\$aUAB$beng$erda$cUAB
=050  \4$aRD598.35.T7$bJ57 1973
=090  \\$aInternet Access$bAEU
=100  1\$aJirsch, D. W.$q(Dennis W.),$eauthor.
=245  10$aTolerance induction and transplantation of the mouse heart /$cby Dennis William Jirsch.
=264  \1$c[1973]
=264  \4$c1973
=300  \\$a1 online resource (xix, 166 pages) :$billustrations
=336  \\$atext$btxt$2rdacontent
=337  \\$acomputer$bc$2rdamedia
=338  \\$aonline resource$bcr$2rdacarrier
=500  \\$a"A thesis submitted to the Faculty of Graduate Studies and Research in partial fulfilment of the requirements for the degree of Doctor of Philosophy in Experimental Surgery, Department of Surgery."
=502  \\$bPh. D.$cUniversity of Alberta$d1973.
=504  \\$aIncludes bibliographical references (pages 127-146).
=650  \0$aHeart$xTransplantation.
=650  \0$aImmunological tolerance.
=650  \0$aMice as laboratory animals.
=710  2\$aUniversity of Alberta.$bDepartment of Surgery.
=900  \\$aNK17567
=949  \\$zUAIN$zETHESIS

