=LDR  01292ntm a22003491i 4500
=001  uab09279011
=003  UAB
=005  20141020113210.0
=006  m|||||o||d||||||||
=007  cr||||||||||||
=008  141020t19731973xx\adf\\obm\\\000\0\eng\d
=040  \\$aUAB$beng$erda$cUAB
=050  \4$aQP479$b.K55 1973
=090  \\$aInternet Access$bAEU
=100  1\$aKline, Loren William,$eauthor.
=245  12$aA role for efferent fibers in the frog retina /$cby Loren William Kline.
=264  \1$c[1973]
=264  \4$c1973
=300  \\$a1 online resource (xi, 98 pages) :$billustrations
=336  \\$atext$btxt$2rdacontent
=337  \\$acomputer$bc$2rdamedia
=338  \\$aonline resource$bcr$2rdacarrier
=500  \\$a"A thesis submitted to the Faculty of Graduate Studies and Research in partial fulfilment of the requirements for the degree of Doctor of Philosophy, Department of Physiology."
=502  \\$bPh. D.$cUniversity of Alberta$d1973.
=504  \\$aIncludes bibliographical references (pages 91-98).
=590  \\$aLibrary copy imperfect: page 18 scanned twice.
=650  \0$aRetina.
=650  \0$aNeurofibrils.
=650  \0$aRetinal ganglion cells.
=650  \0$aLeopard frogs$xPhysiology.
=710  2\$aUniversity of Alberta.$bDepartment of Physiology.
=900  \\$aNK17575
=949  \\$zUAIN$zETHESIS

