=LDR  01175ntm a22003131i 4500
=001  uab09279025
=003  UAB
=005  20141020115159.0
=006  m|||||o||d||||||||
=007  cr||||||||||||
=008  141020t19731973xx\adf\\obm\\\000\0\eng\d
=040  \\$aUAB$beng$erda$cUAB
=050  \4$aT385$b.N4 1973
=090  \\$aInternet Access$bAEU
=100  1\$aNg, Nam,$eauthor.
=245  13$aAn environment-independent graphics facility /$cby Nam Ng.
=264  \1$c[1973]
=264  \4$c1973
=300  \\$a1 online resource (x, 149 pages) :$billustrations
=336  \\$atext$btxt$2rdacontent
=337  \\$acomputer$bc$2rdamedia
=338  \\$aonline resource$bcr$2rdacarrier
=500  \\$a"A thesis submitted to the Faculty of Graduate Studies and Research in partial fulfilment of the requirements for the degree of Doctor of Philosophy, Department of Computing Science."
=502  \\$bPh. D.$cUniversity of Alberta$d1973.
=504  \\$aIncludes bibliographical references (pages 128-132).
=650  \0$aComputer graphics.
=650  \0$aProgramming languages (Electronic computers)
=710  2\$aUniversity of Alberta.$bDepartment of Computing Science.
=900  \\$aNK17636
=949  \\$zUAIN$zETHESIS

