=LDR  01297ntm a22003251i 4500
=001  uab09279382
=003  UAB
=005  20141021095656.0
=006  m|||||o||d||||||||
=007  cr||||||||||||
=008  141021t19771977xx\\\\\\obm\\\000\0\eng\d
=040  \\$aUAB$beng$erda$cUAB
=050  \4$aPL8010$b.L36 1977
=090  \\$aInternet Access$bAEU
=100  1\$aLang, George Maclaine,$eauthor.
=245  10$aElite and ideology in African literature in European languages /$cby George Maclaine Lang.
=264  \1$c[1977]
=264  \4$c1977
=300  \\$a1 online resource (viii, 1-283, 283a, 284-312 pages)
=336  \\$atext$btxt$2rdacontent
=337  \\$acomputer$bc$2rdamedia
=338  \\$aonline resource$bcr$2rdacarrier
=500  \\$a"A thesis submitted to the Faculty of Graduate Studies and Research in partial fulfillment of the requirements for the degree of Doctor of Philosophy, Department of Comparative Literature."
=502  \\$bPh. D.$cUniversity of Alberta$d1977.
=504  \\$aIncludes bibliographical references (pages 283a-312).
=650  \0$aAfrican literature$xHistory and criticism.
=650  \0$aElite (Social sciences) in literature.
=650  \0$aIdeology in literature.
=710  2\$aUniversity of Alberta.$bDepartment of Comparative Literature.
=900  \\$aNK32008
=949  \\$zUAIN$zETHESIS

