=LDR  01244ntm a22003131i 4500
=001  uab09279385
=003  UAB
=005  20141021100107.0
=006  m|||||o||d||||||||
=007  cr||||||||||||
=008  141021t19771977xx\\\\\\obm\\\000\0\eng\d
=040  \\$aUAB$beng$erda$cUAB
=050  \4$aBF575.A3$bL45 1977
=090  \\$aInternet Access$bAEU
=100  1\$aLeith, Larry M.,$d1949-$eauthor.
=245  13$aAn experimental analysis of the effect of direct and vicarious participation in physical activity on subject aggressiveness /$cby Larry McKenzie Leith.
=264  \1$c[1977]
=264  \4$c1977
=300  \\$a1 online resource (xiv, 129 pages)
=336  \\$atext$btxt$2rdacontent
=337  \\$acomputer$bc$2rdamedia
=338  \\$aonline resource$bcr$2rdacarrier
=500  \\$a"A thesis submitted to the Faculty of Graduate Studies in partial fulfilment of the requirements for the degree of Doctor of Philosophy, Department of Physical Education."
=502  \\$bPh. D.$cUniversity of Alberta$d1977.
=504  \\$aIncludes bibliographical references (pages 73-82).
=650  \0$aAggressiveness.
=650  \0$aExercise$xPsychological aspects.
=710  2\$aUniversity of Alberta.$bDepartment of Physical Education.
=900  \\$aNK32014
=949  \\$zUAIN$zETHESIS

