=LDR  01217ntm a22003251i 4500
=001  uab09279393
=003  UAB
=005  20141021102202.0
=006  m|||||o||d||||||||
=007  cr||||||||||||
=008  141021t19771977xx\adf\\obm\\\000\0\eng\d
=040  \\$aUAB$beng$erda$cUAB
=050  \4$aQD181.S6$bN48 1977
=090  \\$aInternet Access$bAEU
=100  1\$aNeudorfl, Pavel Slavomir,$eauthor.
=245  10$aPyrolysis of mono- and dimethylsilane /$cby Pavel Slavomir Neudorfl.
=264  \1$c[1977]
=264  \4$c1977
=300  \\$a1 online resource (xxii, 242 pages) :$billustrations
=336  \\$atext$btxt$2rdacontent
=337  \\$acomputer$bc$2rdamedia
=338  \\$aonline resource$bcr$2rdacarrier
=500  \\$a"A thesis submitted to the Faculty of Graduate Studies and Research in partial fulfilment of the requirements for the degree of Doctor of Philosophy, Department of Chemistry."
=502  \\$bPh. D.$cUniversity of Alberta$d1977.
=504  \\$aIncludes bibliographical references (pages 231-238).
=590  \\$aLibrary copy imperfect: faded throughout.
=650  \0$aSilicon compounds.
=650  \0$aPyrolysis.
=710  2\$aUniversity of Alberta.$bDepartment of Chemistry.
=900  \\$aNK32043
=949  \\$zUAIN$zETHESIS

