=LDR  01215ntm a22003131i 4500
=001  uab09279407
=003  UAB
=005  20141021104755.0
=006  m|||||o||d||||||||
=007  cr||||||||||||
=008  141021t19771977xx\adf\\obm\\\000\0\eng\d
=040  \\$aUAB$beng$erda$cUAB
=050  \4$aPE1361$b.R45 1977
=090  \\$aInternet Access$bAEU
=100  1\$aReid, James Raymond,$eauthor.
=245  10$aOn the semantic implications of voice syntax in English /$cby James Raymond Reid.
=264  \1$c[1977]
=264  \4$c1977
=300  \\$a1 online resource (xi, 305 pages) :$billustrations
=336  \\$atext$btxt$2rdacontent
=337  \\$acomputer$bc$2rdamedia
=338  \\$aonline resource$bcr$2rdacarrier
=500  \\$a"A thesis submitted to the Faculty of Graduate Studies and Research in partial fulfillment of the requirements for the degree of Doctor of Philosophy in Psycholinguistics, Department of Linguistics."
=502  \\$bPh. D.$cUniversity of Alberta$d1977.
=504  \\$aIncludes bibliographical references (pages 265-281).
=650  \0$aEnglish language$xSyntax.
=650  \0$aEnglish language$xSemantics.
=710  2\$aUniversity of Alberta.$bDepartment of Linguistics.
=900  \\$aNK32054
=949  \\$zUAIN$zETHESIS

