=LDR  01485ntm a22003611i 4500
=001  uab09279408
=003  UAB
=005  20141021105101.0
=006  m|||||o||d||||||||
=007  cr||||||||||||
=008  141021t19771977xx\\\\\\obm\\\001\0\spa\d
=040  \\$aUAB$beng$erda$cUAB
=041  0\$aspa$beng
=043  \\$ae-sp---
=050  \4$aPN1942$b.S47 1977
=090  \\$aInternet Access$bAEU
=100  1\$aSerra, Antoni,$eauthor.
=245  13$aEl teatre burlesc mallorqui, 1701-1850 :$buna descripcio bibliografica dels fons /$cby Antoni Serra.
=264  \1$c[1977]
=264  \4$c1977
=300  \\$a1 online resource (xiv, 276 pages)
=336  \\$atext$btxt$2rdacontent
=337  \\$acomputer$bc$2rdamedia
=338  \\$aonline resource$bcr$2rdacarrier
=500  \\$a"A thesis submitted to the Faculty of Graduate Studies and Research in partial fulfilment of the requirements for the degree of Doctor of Philosophy in Hispanic Literatures, Department of Romance Languages."
=502  \\$bPh. D.$cUniversity of Alberta$d1977.
=504  \\$aIncludes bibliographical references (pages 206-233) and index.
=546  \\$aIn Spanish; includes abstract in English.
=650  \0$aBurlesque (Theater)$zSpain$zMajorca$xHistory$y18th century.
=650  \0$aBurlesque (Theater)$zSpain$zMajorca$xHistory$y19th century.
=650  \0$aBurlesque (Theater)$zSpain$zMajorca$vBibliography.
=710  2\$aUniversity of Alberta.$bDepartment of Romance Languages.
=900  \\$aNK32068
=949  \\$zUAIN$zETHESIS

