=LDR  01292ntm a22003251i 4500
=001  uab09279415
=003  UAB
=005  20141021110202.0
=006  m|||||o||d||||||||
=007  cr||||||||||||
=008  141021t19771977xx\\\\\\obm\\\000\0deng\d
=040  \\$aUAB$beng$erda$cUAB
=043  \\$au-at---
=050  \4$aDU116.18.H84$bS63 1977
=090  \\$aInternet Access$bAEU
=100  1\$aSpartalis, Peter,$eauthor.
=245  10$a'Anglo-Australian relations :$ba critique of the foreign policy of William Morris Hughes, Prime Minister of Australia, 1915-1923' /$cby Peter James Spartalis.
=264  \1$c[1977]
=264  \4$c1977
=300  \\$a1 online resource (x, 624 pages)
=336  \\$atext$btxt$2rdacontent
=337  \\$acomputer$bc$2rdamedia
=338  \\$aonline resource$bcr$2rdacarrier
=500  \\$a"A thesis submitted to the Faculty of Graduate Studies and Research in partial fulfilment of the requirements for the degree of Doctor of Philosophy, Department of History."
=502  \\$bPh. D.$cUniversity of Alberta$d1977.
=504  \\$aIncludes bibliographical references (pages 592-606).
=651  \0$aAustralia$xForeign relations$y1900-1945.
=600  10$aHughes, William Morris,$d1864-1952.
=710  2\$aUniversity of Alberta.$bDepartment of History.
=900  \\$aNK32073
=949  \\$zUAIN$zETHESIS

