=LDR  01369ntm a22003251i 4500
=001  uab09279421
=003  UAB
=005  20141021110944.0
=006  m|||||o||d||||||||
=007  cr||||||||||||
=008  141021t19771977xx\abdf\obm\\\000\0\eng\d
=040  \\$aUAB$beng$erda$cUAB
=043  \\$af-et---
=050  \4$aHD1696.E8$bT45 1977
=090  \\$aInternet Access$bAEU
=100  1\$aTeklemariam, Yilma,$eauthor.
=245  10$aWater and agricultural development in Ethiopia :$ban economic analysis of potential returns to public investment in agricultural water projects /$cby Yilma Teklemariam.
=264  \1$c[1977]
=264  \4$c1977
=300  \\$a1 online resource (xviii, 361 pages) :$billustrations, maps
=336  \\$atext$btxt$2rdacontent
=337  \\$acomputer$bc$2rdamedia
=338  \\$aonline resource$bcr$2rdacarrier
=500  \\$a"A thesis submitted to the Faculty of Graduate Studies and Research in partial fulfilment of the requirements for the degree of Doctor of Philosophy in Agricultural Economics, Department of Rural Economy."
=502  \\$bPh. D.$cUniversity of Alberta$d1977.
=504  \\$aIncludes bibliographical references (pages 277-296).
=650  \0$aWater resources development$zEthiopia.
=650  \0$aAgriculture$xEconomic aspects$zEthiopia.
=710  2\$aUniversity of Alberta.$bDepartment of Rural Economy.
=900  \\$aNK32080
=949  \\$zUAIN$zETHESIS

