=LDR  01223ntm a22003251i 4500
=001  uab09279428
=003  UAB
=005  20141021111641.0
=006  m|||||o||d||||||||
=007  cr||||||||||||
=008  141021t19771977xx\abdf\obm\\\000\0\eng\d
=040  \\$aUAB$beng$erda$cUAB
=050  \4$aQE539.2.I46$bW58 1977
=090  \\$aInternet Access$bAEU
=100  1\$aWithers, R. J.,$eauthor.
=245  10$aSeismicity and stress determination at man-made lakes /$cby R.J. Withers.
=264  \1$c[1977]
=264  \4$c1977
=300  \\$a1 online resource (xv, 241 pages) :$billustrations, maps
=336  \\$atext$btxt$2rdacontent
=337  \\$acomputer$bc$2rdamedia
=338  \\$aonline resource$bcr$2rdacarrier
=500  \\$a"A thesis submitted to the Faculty of Graduate Studies and Research in partial fulfilment of the requirements for the degree of Doctor of Philosophy in Geophysics, Department of Physics."
=502  \\$bPh. D.$cUniversity of Alberta$d1977.
=504  \\$aIncludes bibliographical references (pages 233-241).
=650  \0$aReservoir-triggered seismicity.
=650  \0$aReservoirs.
=650  \0$aStrains and stresses.
=710  2\$aUniversity of Alberta.$bDepartment of Physics.
=900  \\$aNK32091
=949  \\$zUAIN$zETHESIS

