=LDR  01444ntm a22003491i 4500
=001  uab09279441
=003  UAB
=005  20141021113630.0
=006  m|||||o||d||||||||
=007  cr||||||||||||
=008  141021t19771977xx\a\\\\obm\\\000\0\eng\d
=040  \\$aUAB$beng$erda$cUAB
=043  \\$ae-uk---$ae-xr---
=050  \4$aDA586$b.A95 1977
=090  \\$aInternet Access$bAEU
=100  1\$aAulach, Harindar,$eauthor.
=245  10$aPolitical and bureaucratic perspectives in foreign policy-making :$bBritain and the Sudeten issue, 1938 /$cby Harindar Aulach.
=264  \1$c[1977]
=264  \4$c1977
=300  \\$a1 online resource (x, 312 pages) :$billustrations
=336  \\$atext$btxt$2rdacontent
=337  \\$acomputer$bc$2rdamedia
=338  \\$aonline resource$bcr$2rdacarrier
=500  \\$a"A thesis submitted to the Faculty of Graduate Studies and Research in partial fulfilment of the requirements for the degree of Doctor of Philosophy, Department of Political Science."
=502  \\$bPh. D.$cUniversity of Alberta$d1977.
=504  \\$aIncludes bibliographical references (pages 295-311).
=651  \0$aGreat Britain$xForeign relations$zCzech Republic$zSudetenland$y1936-1945.
=650  \0$aGreat Britain$xPolitics and government$y1936-1945.
=650  \0$aBureaucracy$zGreat Britain.
=630  00$aMunich Four-Power Agreement$d(1938)
=710  2\$aUniversity of Alberta.$bDepartment of Political Science.
=900  \\$aNK34282
=949  \\$zUAIN$zETHESIS

