=LDR  01254ntm a22003371i 4500
=001  uab09279444
=003  UAB
=005  20141021113921.0
=006  m|||||o||d||||||||
=007  cr||||||||||||
=008  141021t19771977xx\adf\\obm\\\000\0\eng\d
=040  \\$aUAB$beng$erda$cUAB
=050  \4$aHM1076$b.A95 1977
=090  \\$aInternet Access$bAEU
=100  1\$aAvison, William R.,$eauthor.
=245  10$aAffect, cognitive styles and causal attributions for success and failure /$cby William R. Avison.
=264  \1$c[1977]
=264  \4$c1977
=300  \\$a1 online resource (xi, 217 pages) :$billustrations
=336  \\$atext$btxt$2rdacontent
=337  \\$acomputer$bc$2rdamedia
=338  \\$aonline resource$bcr$2rdacarrier
=500  \\$a"A thesis submitted to the Faculty of Graduate Studies and Research in partial fulfilment of the requirements for the degree of Doctor of Philosophy, Department of Sociology."
=502  \\$bPh. D.$cUniversity of Alberta$d1977.
=504  \\$aIncludes bibliographical references (pages 197-206).
=650  \0$aAttribution (Social psychology)
=650  \0$aCausation.
=650  \0$aSuccess.
=650  \0$aFailure (Psychology)
=710  2\$aUniversity of Alberta.$bDepartment of Sociology.
=900  \\$aNK34283
=949  \\$zUAIN$zETHESIS

