=LDR  01108ntm a22003011i 4500
=001  uab09279628
=003  UAB
=005  20141021165143.0
=006  m|||||o||d||||||||
=007  cr||||||||||||
=008  141021t19771977xx\a\\\\obm\\\000\0\eng\d
=040  \\$aUAB$beng$erda$cUAB
=050  \4$aQA611.23$b.B45 1977
=090  \\$aInternet Access$bAEU
=100  1\$aBell, Murray Gordon,$eauthor.
=245  10$aSupercompact spaces /$cby Murray Gordon Bell.
=264  \1$c[1977]
=264  \4$c1977
=300  \\$a1 online resource (vii, 59 pages) :$billustrations
=336  \\$atext$btxt$2rdacontent
=337  \\$acomputer$bc$2rdamedia
=338  \\$aonline resource$bcr$2rdacarrier
=500  \\$a"A thesis submitted to the Faculty of Graduate Studies and Research in partial fulfillment of the requirements for the degree of Doctor of Philosophy, Department of Mathematics."
=502  \\$bPh. D.$cUniversity of Alberta$d1977.
=504  \\$aIncludes bibliographical references (pages 57-59).
=650  \0$aSupercompact spaces.
=710  2\$aUniversity of Alberta.$bDepartment of Mathematics.
=900  \\$aNK34291
=949  \\$zUAIN$zETHESIS

