=LDR  01212ntm a22003251i 4500
=001  uab09279644
=003  UAB
=005  20141021171709.0
=006  m|||||o||d||||||||
=007  cr||||||||||||
=008  141021t19771977xx\adf\\obm\\\000\0\eng\d
=040  \\$aUAB$beng$erda$cUAB
=050  \4$aBF505.G6$bB68 1977
=090  \\$aInternet Access$bAEU
=100  1\$aBotterill, Calvin B.,$eauthor.
=245  10$aGoal setting and performance on an endurance task /$cby Calvin B. Botterill.
=264  \1$c[1977]
=264  \4$c1977
=300  \\$a1 online resource (ix, 81 pages) :$billustrations
=336  \\$atext$btxt$2rdacontent
=337  \\$acomputer$bc$2rdamedia
=338  \\$aonline resource$bcr$2rdacarrier
=500  \\$a"A thesis submitted to the Faculty of Graduate Studies and Research in partial fulfillment of the requirements for the degree of Doctor of Philosophy, Department of Physical Education."
=502  \\$bPh. D.$cUniversity of Alberta$d1977.
=504  \\$aIncludes bibliographical references (pages 51-59).
=650  \0$aGoal (Psychology)
=650  \0$aPerformance.
=650  \0$aPhysical fitness.
=710  2\$aUniversity of Alberta.$bDepartment of Physical Education.
=900  \\$aNK34297
=949  \\$zUAIN$zETHESIS

