=LDR  01356ntm a22003251i 4500
=001  uab09279647
=003  UAB
=005  20141021172220.0
=006  m|||||o||d||||||||
=007  cr||||||||||||
=008  141021t19771977xx\\\\\\obm\\\000\0\eng\d
=040  \\$aUAB$beng$erda$cUAB
=050  \4$aBF723.E598$bB73 1977
=090  \\$aInternet Access$bAEU
=100  1\$aBrammer, Dennis Leslie,$eauthor.
=245  10$a"Maladaptive behaviors :$ba predictive and follow-up study" /$cby Dennis Leslie Brammer.
=264  \1$c[1977]
=264  \4$c1977
=300  \\$a1 online resource (x, 1-150, 150a, 169-181 pages)
=336  \\$atext$btxt$2rdacontent
=337  \\$acomputer$bc$2rdamedia
=338  \\$aonline resource$bcr$2rdacarrier
=500  \\$a"A thesis submitted to the Faculty of Graduate Studies and Research in partial fulfilment of the requirements for the degree of Doctor of Philosophy, Department of Educational Psychology."
=500  \\$a"Previously copyrighted material, leaves 151-168, appendices A, B and C, not microfilmed"--Page 150a.
=502  \\$bPh. D.$cUniversity of Alberta$d1977.
=504  \\$aIncludes bibliographical references (pages 137-149).
=650  \0$aEmotional problems of children.
=650  \0$aProblem children$xIdentification.
=710  2\$aUniversity of Alberta.$bDepartment of Educational Psychology.
=900  \\$aNK34300
=949  \\$zUAIN$zETHESIS

