=LDR  01326ntm a22003131i 4500
=001  uab09279652
=003  UAB
=005  20141021172851.0
=006  m|||||o||d||||||||
=007  cr||||||||||||
=008  141021t19771977xx\adf\\obm\\\000\0\eng\d
=040  \\$aUAB$beng$erda$cUAB
=050  \4$aQL537.S55$bC43 1977
=090  \\$aInternet Access$bAEU
=100  1\$aChance, Mary MacCrimmon,$eauthor.
=245  10$aInfluence of water flow and particle concentration on larvae of the black fly Simulium vittatum Zett. (Diptera, Similiidae), with emphasis on larval filter-feeding /$cby Mary MacCrimmon Chance.
=264  \1$c[1977]
=264  \4$c1977
=300  \\$a1 online resource (xix, 236 pages) :$billustrations
=336  \\$atext$btxt$2rdacontent
=337  \\$acomputer$bc$2rdamedia
=338  \\$aonline resource$bcr$2rdacarrier
=500  \\$a"A thesis submitted to the Faculty of Graduate Studies and Research in partial fulfilment of the requirements for the degree of Doctor of Philosophy in Department of Entomology."
=502  \\$bPh. D.$cUniversity of Alberta$d1977.
=504  \\$aIncludes bibliographical references (pages 171-180).
=650  \0$aSimulium$xLarvae$xFood$xEffect of water currents on.
=650  \0$aFilter feeding.
=710  2\$aUniversity of Alberta.$bDepartment of Entomology.
=900  \\$aNK34311
=949  \\$zUAIN$zETHESIS

