=LDR  01192ntm a22003131i 4500
=001  uab09279810
=003  UAB
=005  20141022100230.0
=006  m|||||o||d||||||||
=007  cr||||||||||||
=008  141022t19771977xx\adf\\obm\\\000\0\eng\d
=040  \\$aUAB$beng$erda$cUAB
=050  \4$aQP93.5$b.F56 1977
=090  \\$aInternet Access$bAEU
=100  1\$aFindlay, Earl James,$eauthor.
=245  10$aPhospholipid phase structure in prothrombin activation /$cby Earl James Findlay.
=264  \1$c[1977]
=264  \4$c1977
=300  \\$a1 online resource (xx pages, 1 unnumbered page, 199 pages) :$billustrations
=336  \\$atext$btxt$2rdacontent
=337  \\$acomputer$bc$2rdamedia
=338  \\$aonline resource$bcr$2rdacarrier
=500  \\$a"A thesis submitted to the Faculty of Graduate Studies and Research in partial fulfilment of the requirements for the degree of Doctor of Philosophy, Department of Biochemistry."
=502  \\$bPh. D.$cUniversity of Alberta$d1977.
=504  \\$aIncludes bibliographical references (pages 191-199).
=650  \0$aProthrombin.
=650  \0$aPhospholipids.
=710  2\$aUniversity of Alberta.$bDepartment of Biochemistry.
=900  \\$aNK34340
=949  \\$zUAIN$zETHESIS

