=LDR  01205ntm a22003131i 4500
=001  uab09279843
=003  UAB
=005  20141022104315.0
=006  m|||||o||d||||||||
=007  cr||||||||||||
=008  141022t19771977xx\adf\\obm\\\000\0\eng\d
=040  \\$aUAB$beng$erda$cUAB
=050  \4$aQK898.S49$bL44 1977
=090  \\$aInternet Access$bAEU
=100  1\$aLee, Sing Ping,$eauthor.
=245  10$aTotal synthesis of 5-epikessane, dehydrokessane and [delta][superscript 5]-dehydrokessane /$cby Sing Ping Lee.
=264  \1$c[1977]
=264  \4$c1977
=300  \\$a1 online resource (xiii, 138 pages) :$billustrations
=336  \\$atext$btxt$2rdacontent
=337  \\$acomputer$bc$2rdamedia
=338  \\$aonline resource$bcr$2rdacarrier
=500  \\$a"A thesis submitted to the Faculty of Graduate Studies and Research in partial fulfillment of the requirements for the degree of Doctor of Philosophy, Department of Chemistry."
=502  \\$bPh. D.$cUniversity of Alberta$d1977.
=504  \\$aIncludes bibliographical references (pages 131-138).
=650  \0$aSesquiterpenes$xSynthesis.
=650  \0$aStereoisomers.
=710  2\$aUniversity of Alberta.$bDepartment of Chemistry.
=900  \\$aNK34405
=949  \\$zUAIN$zETHESIS

