=LDR  01235ntm a22003131i 4500
=001  uab09279849
=003  UAB
=005  20141022105410.0
=006  m|||||o||d||||||||
=007  cr||||||||||||
=008  141022t19771977xx\\\\\\obm\\\000\0deng\d
=040  \\$aUAB$beng$erda$cUAB
=050  \4$aDA233$b.N54 1977
=090  \\$aInternet Access$bAEU
=100  1\$aNielson, John A.,$eauthor.
=245  14$aThe wardrobe books of King Edward III of England, 1359-1377 /$cby John A. Nielson.
=264  \1$c[1977]
=264  \4$c1977
=300  \\$a1 online resource (viii, 314 pages)
=336  \\$atext$btxt$2rdacontent
=337  \\$acomputer$bc$2rdamedia
=338  \\$aonline resource$bcr$2rdacarrier
=500  \\$a"A thesis submitted to the Faculty of Graduate Studies and Research in partial fulfilment of the requirements for the degree of Doctor of Philosophy, Department of History."
=502  \\$bPh. D.$cUniversity of Alberta$d1977.
=504  \\$aIncludes bibliographical references (pages 282-288).
=650  \0$aGreat Britain$xAppropriations and expenditures$xHistory$yEdward III, 1327-1377.
=600  00$aEdward$bIII,$cKing of England,$d1312-1377.
=710  2\$aUniversity of Alberta.$bDepartment of History.
=900  \\$aNK34448
=949  \\$zUAIN$zETHESIS

