=LDR  01092ntm a22003011i 4500
=001  uab09279859
=003  UAB
=005  20141022110232.0
=006  m|||||o||d||||||||
=007  cr||||||||||||
=008  141022t19771977xx\\\\\\obm\\\000\0\eng\d
=040  \\$aUAB$beng$erda$cUAB
=050  \4$aQA611.3$b.S57 1977
=090  \\$aInternet Access$bAEU
=100  1\$aSirois-Dumais, Renee,$eauthor.
=245  10$aQuotient-universal spaces /$cby Renee Sirois-Dumais.
=264  \1$c[1977]
=264  \4$c1977
=300  \\$a1 online resource (vi, 50 pages)
=336  \\$atext$btxt$2rdacontent
=337  \\$acomputer$bc$2rdamedia
=338  \\$aonline resource$bcr$2rdacarrier
=500  \\$a"A thesis submitted to the Faculty of Graduate Studies and Research in partial fulfillment of the requirements for the degree of Doctor of Philosophy, Department of Mathematics."
=502  \\$bPh. D.$cUniversity of Alberta$d1977.
=504  \\$aIncludes bibliographical references (page 50).
=650  \0$aTopological spaces.
=710  2\$aUniversity of Alberta.$bDepartment of Mathematics.
=900  \\$aNK34479
=949  \\$zUAIN$zETHESIS

