=LDR  01195ntm a22003371i 4500
=001  uab09279963
=003  UAB
=005  20141022145059.0
=006  m|||||o||d||||||||
=007  cr||||||||||||
=008  141022t19771977xx\\\\\\obm\\\000\0\eng\d
=040  \\$aUAB$beng$erda$cUAB
=050  \4$aBD161$b.U77 1977
=090  \\$aInternet Access$bAEU
=100  1\$aUrquhart-Ross, Carol,$eauthor.
=245  10$aStyles of knowledge :$bmysticism, magic and science /$cby Carol Urquhart-Ross.
=264  \1$c[1977]
=264  \4$c1977
=300  \\$a1 online resource (xi, 335 pages)
=336  \\$atext$btxt$2rdacontent
=337  \\$acomputer$bc$2rdamedia
=338  \\$aonline resource$bcr$2rdacarrier
=500  \\$a"A thesis submitted to the Faculty of Graduate Studies and Research in partial fulfilment of the requirements for the degree of Doctor of Philosophy, Department of Sociology."
=502  \\$bPh. D.$cUniversity of Alberta$d1977.
=504  \\$aIncludes bibliographical references (pages 313-335).
=650  \0$aKnowledge, Theory of.
=650  \0$aMysticism.
=650  \0$aMagic.
=650  \0$aScience.
=710  2\$aUniversity of Alberta.$bDepartment of Sociology.
=900  \\$aNK34508
=949  \\$zUAIN$zETHESIS

