=LDR  01185ntm a22003251i 4500
=001  uab09279982
=003  UAB
=005  20141022152551.0
=006  m|||||o||d||||||||
=007  cr||||||||||||
=008  141022t19781978xx\adf\\obm\\\000\0\eng\d
=040  \\$aUAB$beng$erda$cUAB
=050  \4$aQR78.5$b.F76 1978
=090  \\$aInternet Access$bAEU
=100  1\$aFrost, Laura S.,$eauthor.
=245  10$aStudies on bacterial pili /$cby Laura S. Frost.
=264  \1$c[1978]
=264  \4$c1978
=300  \\$a1 online resource (xviii, 159 pages) :$billustrations
=336  \\$atext$btxt$2rdacontent
=337  \\$acomputer$bc$2rdamedia
=338  \\$aonline resource$bcr$2rdacarrier
=500  \\$a"A thesis submitted to the Faculty of Graduate Studies and Research in partial fulfilment of the requirements for the degree of Doctor of Philosophy, Department of Biochemistry."
=502  \\$bPh. D.$cUniversity of Alberta$d1978.
=504  \\$aIncludes bibliographical references (pages [146]-155).
=650  \0$aPili (Microbiology)
=650  \0$aEscherichia coli.
=650  \0$aPseudomonas aeruginosa.
=710  2\$aUniversity of Alberta.$bDepartment of Biochemistry.
=900  \\$aNK36379
=949  \\$zUAIN$zETHESIS

