=LDR  01171ntm a22003011i 4500
=001  uab09280228
=003  UAB
=005  20141023104203.0
=006  m|||||o||d||||||||
=007  cr||||||||||||
=008  141023t19781978xx\df\\\obm\\\000\0\eng\d
=040  \\$aUAB$beng$erda$cUAB
=050  \4$aSF207$b.G66 1978
=090  \\$aInternet Access$bAEU
=100  1\$aGoonewardene, Laksiri A.,$eauthor.
=245  10$aAnalysis and application of growth models to beef cattle /$cby Laksiri A. Goonewardene.
=264  \1$c[1978]
=264  \4$c1978
=300  \\$a1 online resource (xviii, 157 pages) :$billustrations
=336  \\$atext$btxt$2rdacontent
=337  \\$acomputer$bc$2rdamedia
=338  \\$aonline resource$bcr$2rdacarrier
=500  \\$a"A thesis submitted to the Faculty of Graduate Studies in partial fulfillment of the requirements for the degree of Doctor of Philosophy, Department of Animal Science."
=502  \\$bPh. D.$cUniversity of Alberta$d1978.
=504  \\$aIncludes bibliographical references (pages 139-145).
=650  \0$aBeef cattle$xGrowth$xMathematical models.
=710  2\$aUniversity of Alberta.$bDepartment of Animal Science.
=900  \\$aNK36388
=949  \\$zUAIN$zETHESIS

