=LDR  01346ntm a22003731i 4500
=001  uab09280235
=003  UAB
=005  20141023104950.0
=006  m|||||o||d||||||||
=007  cr||||||||||||
=008  141023t19781978xx\abdf\obm\\\000\0\eng\d
=040  \\$aUAB$beng$erda$cUAB
=043  \\$ax------
=050  \4$aGC87$b.H38 1978
=090  \\$aInternet Access$bAEU
=100  1\$aHavskov, J.,$eauthor.
=245  10$aPlate tectonics and seismic evidence for mantle inhomogeneities /$cby Jens Havskov.
=264  \1$c[1978]
=264  \4$c1978
=300  \\$a1 online resource (xiii, 273 pages) :$billustrations, maps
=336  \\$atext$btxt$2rdacontent
=337  \\$acomputer$bc$2rdamedia
=338  \\$aonline resource$bcr$2rdacarrier
=500  \\$a"A thesis submitted to the Faculty of Graduate Studies and Research in partial fulfilment of the requirements for the degree of Doctor of Philosophy in Physics, Department of Physics."
=502  \\$bPh. D.$cUniversity of Alberta$d1978.
=504  \\$aIncludes bibliographical references (pages 163-175).
=650  \0$aOcean bottom.
=650  \0$aMarine geophysics.
=650  \0$aPlate tectonics.
=651  \0$aEarth (Planet)$xMantle.
=650  \0$aPaleomagnetism.
=650  \0$aPaleontology$yPhanerozoic.
=710  2\$aUniversity of Alberta.$bDepartment of Physics.
=900  \\$aNK36397
=949  \\$zUAIN$zETHESIS

