=LDR  01360ntm a22003611i 4500
=001  uab09280248
=003  UAB
=005  20141023110423.0
=006  m|||||o||d||||||||
=007  cr||||||||||||
=008  141023t19781978xx\\\\\\obm\\\000\0\eng\d
=040  \\$aUAB$beng$erda$cUAB
=050  \4$aS592.6.N5$bM35 1978
=090  \\$aInternet Access$bAEU
=100  1\$aMalhi, Sukhdev Singh,$eauthor.
=245  10$aLosses of mineral nitrogen over the winter in chernozemic and luvisolic soils /$cby Sukhdev Singh Malhi.
=264  \1$c[1978]
=264  \4$c1978
=300  \\$a1 online resource (xx, 223 pages)
=336  \\$atext$btxt$2rdacontent
=337  \\$acomputer$bc$2rdamedia
=338  \\$aonline resource$bcr$2rdacarrier
=500  \\$a"A thesis submitted to the Faculty of Graduate Studies and Research in partial fulfilment of the requirements for the degree of Doctor of Philosophy in Soil Fertility, Department of Soil Science."
=502  \\$bPh. D.$cUniversity of Alberta$d1978.
=504  \\$aIncludes bibliographical references (pages 151-163).
=590  \\$aLibrary copy imperfect: pages 5-6 faded.
=650  \0$aSoils$xNitrogen content.
=650  \0$aNitrogen$xFixation.
=650  \0$aChernozem soils.
=650  \0$aForest soils.
=650  \0$aClay soils.
=710  2\$aUniversity of Alberta.$bDepartment of Soil Science.
=900  \\$aNK36435
=949  \\$zUAIN$zETHESIS

