=LDR  01238ntm a22003251i 4500
=001  uab09280252
=003  UAB
=005  20141023110907.0
=006  m|||||o||d||||||||
=007  cr||||||||||||
=008  141023t19781978xx\df\\\obm\\\000\0\eng\d
=040  \\$aUAB$beng$erda$cUAB
=050  \4$aQK623.S23$bM67 1978
=090  \\$aInternet Access$bAEU
=100  1\$aMorrison, Donald Paterson,$eauthor.
=245  10$aRepair parameters in mutator mutants of Saccharomyces cerevisiae /$cby Donald Paterson Morrison.
=264  \1$c[1978]
=264  \4$c1978
=300  \\$a1 online resource (xv, 172 pages) :$billustrations
=336  \\$atext$btxt$2rdacontent
=337  \\$acomputer$bc$2rdamedia
=338  \\$aonline resource$bcr$2rdacarrier
=500  \\$a"A thesis submitted to the Faculty of Graduate Studies and Research in partial fulfilment of the requirements for the degree of Doctor of Philosophy, Department of Genetics."
=502  \\$bPh. D.$cUniversity of Alberta$d1978.
=504  \\$aIncludes bibliographical references (pages 161-170).
=650  \0$aSaccharomyces cerevisiae$xGenetics.
=650  \0$aDNA repair.
=650  \0$aMutation (Biology)
=710  2\$aUniversity of Alberta.$bDepartment of Genetics.
=900  \\$aNK36446
=949  \\$zUAIN$zETHESIS

