=LDR  01473ntm a22003491i 4500
=001  uab09280261
=003  UAB
=005  20141023111658.0
=006  m|||||o||d||||||||
=007  cr||||||||||||
=008  141023t19781978xx\\\\\\obm\\\000\0deng\d
=040  \\$aUAB$beng$erda$cUAB
=050  \4$aPN6149.S2$bP48 1978
=090  \\$aInternet Access$bAEU
=100  1\$aPetro, Peter,$eauthor.
=245  10$aFour twentieth century satires :$bnovels of Hasek, Bulgakov, Orwell and Vonnegut /$cby Peter Petro.
=264  \1$c[1978]
=264  \4$c1978
=300  \\$a1 online resource (viii, 269 pages)
=336  \\$atext$btxt$2rdacontent
=337  \\$acomputer$bc$2rdamedia
=338  \\$aonline resource$bcr$2rdacarrier
=500  \\$a"A thesis submitted to the Faculty of Graduate Studies and Research in partial fulfilment of the requirements for the degree of Doctor of Philosophy, Department of Comparative Literature."
=502  \\$bPh. D.$cUniversity of Alberta$d1978.
=504  \\$aIncludes bibliographical references (pages 249-269).
=650  \0$aSatire$xHistory and criticism.
=600  10$aHasek, Jaroslav,$d1883-1923.$tOsudy dobreho vojaka Svejka za svetove valky.
=600  10$aBulgakov, Mikhail,$d1891-1940.$tMaster i Margarita.
=600  10$aOrwell, George,$d1903-1950.$tNineteen eighty-four.
=600  10$aVonnegut, Kurt.$tBreakfast of champions.
=710  2\$aUniversity of Alberta.$bDepartment of Comparative Literature.
=900  \\$aNK36457
=949  \\$zUAIN$zETHESIS

