=LDR  01280ntm a22003131i 4500
=001  uab09280265
=003  UAB
=005  20141023112022.0
=006  m|||||o||d||||||||
=007  cr||||||||||||
=008  141023t19781978xx\adf\\obm\\\000\0\eng\d
=040  \\$aUAB$beng$erda$cUAB
=050  \4$aHV7936.P75$bP84 1978
=090  \\$aInternet Access$bAEU
=100  1\$aPugh, George MacLaggan,$eauthor.
=245  14$aThe use of psychological tests for the selection of policemen /$cby George MacLaggan Pugh.
=264  \1$c[1978]
=264  \4$c1978
=300  \\$a1 online resource (xvii, 289 pages) :$billustrations
=336  \\$atext$btxt$2rdacontent
=337  \\$acomputer$bc$2rdamedia
=338  \\$aonline resource$bcr$2rdacarrier
=500  \\$a"A thesis submitted to the Faculty of Graduate Studies and Research in partial fulfillment of the requirements for the degree of Doctor of Philosophy, Department of Psychology."
=500  \\$a"Previously copyrighted material, in appendix 4, leaves 256-258, not microfilmed"--Page [256].
=502  \\$bPh. D.$cUniversity of Alberta$d1978.
=504  \\$aIncludes bibliographical references (pages 214-244).
=650  \0$aPolice$xPsychological testing.
=710  2\$aUniversity of Alberta.$bDepartment of Psychology.
=900  \\$aNK36462
=949  \\$zUAIN$zETHESIS

