=LDR  01346ntm a22003491i 4500
=001  uab09280269
=003  UAB
=005  20141023112538.0
=006  m|||||o||d||||||||
=007  cr||||||||||||
=008  141023t19781978xx\adf\\obm\\\000\0\eng\d
=040  \\$aUAB$beng$erda$cUAB
=050  \4$aQD96.A8$bS26 1978
=090  \\$aInternet Access$bAEU
=100  1\$aSantiago, Jaime P.,$eauthor.
=245  12$aA study of CO[subscript 2] laser induced breakdown in preionized argon /$cby Jaime P. Santiago.
=264  \1$c[1978]
=264  \4$c1978
=300  \\$a1 online resource (xv, 201 pages) :$billustrations
=336  \\$atext$btxt$2rdacontent
=337  \\$acomputer$bc$2rdamedia
=338  \\$aonline resource$bcr$2rdacarrier
=500  \\$a"A thesis submitted to the Faculty of Graduate Studies and Research in partial fulfilment of the requirements for the degree of Doctor of Philosophy, Department of Electrical Engineering."
=502  \\$bPh. D.$cUniversity of Alberta$d1978.
=504  \\$aIncludes bibliographical references (pages 191-197).
=590  \\$aLibrary copy imperfect: page 189 wanting.
=650  \0$aLaser-induced breakdown spectroscopy.
=650  \0$aCarbon dioxide lasers.
=650  \0$aIonized gases.
=650  \0$aArgon.
=710  2\$aUniversity of Alberta.$bDepartment of Electrical Engineering.
=900  \\$aNK36470
=949  \\$zUAIN$zETHESIS

