=LDR  01275ntm a22003371i 4500
=001  uab09280422
=003  UAB
=005  20141023163429.0
=006  m|||||o||d||||||||
=007  cr||||||||||||
=008  141023t19781978xx\bf\\\obm\\\000\0\eng\d
=040  \\$aUAB$beng$erda$cUAB
=043  \\$as-gy---
=050  \4$aHN330.3.Z9$bS623 1978
=090  \\$aInternet Access$bAEU
=100  1\$aBartels, Dennis,$eauthor.
=245  10$aClass conflict and racist ideology in the formation of modern Guyanese society /$cby Dennis Alan Bartels.
=264  \1$c[1978]
=264  \4$c1978
=300  \\$a1 online resource (xii, 234 pages) :$bmaps
=336  \\$atext$btxt$2rdacontent
=337  \\$acomputer$bc$2rdamedia
=338  \\$aonline resource$bcr$2rdacarrier
=500  \\$a"A thesis submitted to the Faculty of Graduate Studies and Research in partial fulfilment of the requirements for the degree of Doctor of Philosophy, Department of Anthropology."
=502  \\$bPh. D.$cUniversity of Alberta$d1978.
=504  \\$aIncludes bibliographical references (pages [216]-226).
=651  \0$aGuyana$xSocial conditions.
=650  \0$aSocial conflict$zGuyana.
=650  \0$aEthnic conflict$zGuyana.
=710  2\$aUniversity of Alberta.$bDepartment of Anthropology.
=900  \\$aNK40082
=949  \\$zUAIN$zETHESIS

