=LDR  01265ntm a22003131i 4500
=001  uab09280429
=003  UAB
=005  20141023164323.0
=006  m|||||o||d||||||||
=007  cr||||||||||||
=008  141023t19781978xx\adf\\obm\\\000\0\eng\d
=040  \\$aUAB$beng$erda$cUAB
=050  \4$aQP321$b.B45 1978
=090  \\$aInternet Access$bAEU
=100  1\$aBelcastro, Angelo N.,$eauthor.
=245  10$aEffect of training on rat skeletal muscle myofibrillar ATPase, calcium uptake and binding during development /$cby Angelo N. Belcastro.
=264  \1$c[1978]
=264  \4$c1978
=300  \\$a1 online resource (xii, 150 pages) :$billustrations
=336  \\$atext$btxt$2rdacontent
=337  \\$acomputer$bc$2rdamedia
=338  \\$aonline resource$bcr$2rdacarrier
=500  \\$a"A thesis submitted to the Faculty of Graduate Studies and Research in partial fulfilment of the requirements for the degree of Doctor of Philosophy, Department of Physical Education."
=502  \\$bPh. D.$cUniversity of Alberta$d1978.
=504  \\$aIncludes bibliographical references (pages [76]-80).
=650  \0$aSkeleton$xMuscles.
=650  \0$aRats$xExercise$xPhysiological aspects.
=710  2\$aUniversity of Alberta.$bDepartment of Physical Education.
=900  \\$aNK40085
=949  \\$zUAIN$zETHESIS

