=LDR  01259ntm a22003251i 4500
=001  uab09280484
=003  UAB
=005  20141023182335.0
=006  m|||||o||d||||||||
=007  cr||||||||||||
=008  141023t19781978xx\adf\\obm\\\000\0\eng\d
=040  \\$aUAB$beng$erda$cUAB
=050  \4$aQL384.E2$bB87 1978
=090  \\$aInternet Access$bAEU
=100  1\$aBurke, Robert D.,$eauthor.
=245  10$aDevelopment of the larval digestive tract of echinoids /$cby Robert Douglas Burke.
=264  \1$c[1978]
=264  \4$c1978
=300  \\$a1 online resource (xix, 243 pages) :$billustrations
=336  \\$atext$btxt$2rdacontent
=337  \\$acomputer$bc$2rdamedia
=338  \\$aonline resource$bcr$2rdacarrier
=500  \\$a"A thesis submitted to the Faculty of Graduate Studies and Research in partial fulfilment of the requirements for the degree of Doctor of Philosophy, Department of Zoology."
=502  \\$bPh. D.$cUniversity of Alberta$d1978.
=504  \\$aIncludes bibliographical references (pages 226-243).
=650  \0$aStrongylocentrotus purpuratus$xLarvae$xPhysiology.
=650  \0$aDendraster excentricus$xLarvae$xPhysiology.
=650  \0$aAlimentary canal.
=710  2\$aUniversity of Alberta.$bDepartment of Zoology.
=900  \\$aNK40100
=949  \\$zUAIN$zETHESIS

