=LDR  01520ntm a22003611i 4500
=001  uab09280614
=003  UAB
=005  20141024101403.0
=006  m|||||o||d||||||||
=007  cr||||||||||||
=008  141024t19781978xx\abdf\obm\\\000\0\eng\d
=040  \\$aUAB$beng$erda$cUAB
=043  \\$an-cn-nf
=050  \4$aQE653.3$b.D38 1978
=090  \\$aInternet Access$bAEU
=100  1\$aDavis, Donald W.,$eauthor.
=245  10$aDetermination of the [superscript 87]Rb decay constant :$ban Rb/Sr and Pb/Pb study of the Labrador Archean complex /$cby Donald W. Davis.
=264  \1$c[1978]
=264  \4$c1978
=300  \\$a1 online resource (x, 123 pages) :$billustrations, maps
=336  \\$atext$btxt$2rdacontent
=337  \\$acomputer$bc$2rdamedia
=338  \\$aonline resource$bcr$2rdacarrier
=500  \\$a"A thesis submitted to the Faculty of Graduate Studies and Research in partial fulfilment of the requirements for the degree of Doctor of Philosophy, Department of Physics."
=502  \\$bPh. D.$cUniversity of Alberta$d1978.
=504  \\$aIncludes bibliographical references (pages 109-112).
=590  \\$aLibrary copy imperfect: page 111, 113 wanting.
=650  \0$aGeology, Stratigraphic$xArchaean.
=650  \0$aRubidium$zNewfoundland and Labrador$zLabrador$xDecay.
=650  \0$aRubidium-strontium dating$zNewfoundland and Labrador$zLabrador.
=650  \0$aLead$xIsotopes$zNewfoundland and Labrador$zLabrador$xDecay.
=710  2\$aUniversity of Alberta.$bDepartment of Physics.
=900  \\$aNK40121
=949  \\$zUAIN$zETHESIS



