=LDR  01394ntm a22003491i 4500
=001  uab09280622
=003  UAB
=005  20141024102738.0
=006  m|||||o||d||||||||
=007  cr||||||||||||
=008  141024t19781978xx\\\\\\obm\\\000\0\eng\d
=040  \\$aUAB$beng$erda$cUAB
=043  \\$ae-uk---$an-us---
=050  \4$aPN1995.9.P6$bE94 1978
=090  \\$aInternet Access$bAEU
=100  1\$aEzekiel, Jeremiah W.,$eauthor.
=245  10$aPolitical content in contemporary commercial films /$cby Jeremiah W. Ezekiel.
=264  \1$c[1978]
=264  \4$c1978
=300  \\$a1 online resource (xi, 469 pages)
=336  \\$atext$btxt$2rdacontent
=337  \\$acomputer$bc$2rdamedia
=338  \\$aonline resource$bcr$2rdacarrier
=500  \\$a"A thesis submitted to the Faculty of Graduate Studies and Research in partial fulfilment of the requirements for the degree of Doctor of Philosophy, Department of Political Science."
=502  \\$bPh. D.$cUniversity of Alberta$d1978.
=504  \\$aIncludes bibliographical references (pages 428-432).
=590  \\$aLibrary copy imperfect: pages 176-177, 192, 282 wanting.
=650  \0$aPolitics in motion pictures$xHistory$y1965-
=650  \0$aMotion pictures$zGreat Britain$xHistory$y1965-
=650  \0$aMotion pictures$zUnited States$xHistory$y1965-
=710  2\$aUniversity of Alberta.$bDepartment of Political Science.
=900  \\$aNK40139
=949  \\$zUAIN$zETHESIS

