=LDR  01197ntm a22003131i 4500
=001  uab09280630
=003  UAB
=005  20141024104502.0
=006  m|||||o||d||||||||
=007  cr||||||||||||
=008  141024t19781978xx\adf\\obm\\\000\0\eng\d
=040  \\$aUAB$beng$erda$cUAB
=050  \4$aQK629.N5$bF86 1978
=090  \\$aInternet Access$bAEU
=100  1\$aFung, Steven,$eauthor.
=245  10$aStructural, synthetic and [superscript 13]Cmr studies on fungal metabolites and related compounds /$cby Steven Fung.
=264  \1$c[1978]
=264  \4$c1978
=300  \\$a1 online resource (x, 148 pages) :$billustrations
=336  \\$atext$btxt$2rdacontent
=337  \\$acomputer$bc$2rdamedia
=338  \\$aonline resource$bcr$2rdacarrier
=500  \\$a"A thesis submitted to the Faculty of Graduate Studies and Research in partial fulfilment of the requirements for the degree of Doctor of Philosophy, Department of Chemistry."
=502  \\$bPh. D.$cUniversity of Alberta$d1978.
=504  \\$aIncludes bibliographical references (pages 145-148).
=650  \0$aNidulariaceae.
=650  \0$aFungal metabolites.
=710  2\$aUniversity of Alberta.$bDepartment of Chemistry.
=900  \\$aNK40154
=949  \\$zUAIN$zETHESIS

