=LDR  01209ntm a22003131i 4500
=001  uab09280645
=003  UAB
=005  20141024112512.0
=006  m|||||o||d||||||||
=007  cr||||||||||||
=008  141024t19781978xx\adf\\obm\\\000\0\eng\d
=040  \\$aUAB$beng$erda$cUAB
=050  \4$aQD181.S3$bH66 1978
=090  \\$aInternet Access$bAEU
=100  1\$aHooper, Harold Richard,$eauthor.
=245  10$aEnergy levels below 2 MeV in [superscript 121]Sb and [superscript 123]Sb /$cby Harold Richard Hooper.
=264  \1$c[1978]
=264  \4$c1978
=300  \\$a1 online resource (xii, 134 pages) :$billustrations
=336  \\$atext$btxt$2rdacontent
=337  \\$acomputer$bc$2rdamedia
=338  \\$aonline resource$bcr$2rdacarrier
=500  \\$a"A thesis submitted to the Faculty of Graduate Studies and Research in partial fulfilment of the requirements for the degree of Doctor of Philosophy, Department of Physics."
=502  \\$bPh. D.$cUniversity of Alberta$d1978.
=504  \\$aIncludes bibliographical references (pages 115-117).
=650  \0$aAntimony$xIsotopes.
=650  \0$aEnergy levels (Quantum mechanics)
=710  2\$aUniversity of Alberta.$bDepartment of Physics.
=900  \\$aNK40183
=949  \\$zUAIN$zETHESIS

