=LDR  01339ntm a22003251i 4500
=001  uab09280646
=003  UAB
=005  20141024112706.0
=006  m|||||o||d||||||||
=007  cr||||||||||||
=008  141024t19781978xx\abdf\obm\\\000\0\eng\d
=040  \\$aUAB$beng$erda$cUAB
=050  \4$aQC809.M35$bH84 1978
=090  \\$aInternet Access$bAEU
=100  1\$aHughes, Terence John,$eauthor.
=245  12$aA comprehensive model of ionospheric-magnetospheric current systems during periods of moderate magnetospheric activity /$cby Terence John Hughes.
=264  \1$c[1978]
=264  \4$c1978
=300  \\$a1 online resource (xvii, 364 pages) :$billustrations, map
=336  \\$atext$btxt$2rdacontent
=337  \\$acomputer$bc$2rdamedia
=338  \\$aonline resource$bcr$2rdacarrier
=500  \\$a"A thesis submitted to the Faculty of Graduate Studies and Research in partial fulfilment of the requirements for the degree of Doctor of Philosophy, Department of Physics."
=502  \\$bPh. D.$cUniversity of Alberta$d1978.
=504  \\$aIncludes bibliographical references (pages 336-347).
=590  \\$aLibrary copy imperfect: foxed throughout; pages 80-176 duplicated after page 176.
=650  \0$aMagnetospheric currents.
=650  \0$aIonosphere.
=710  2\$aUniversity of Alberta.$bDepartment of Physics.
=900  \\$aNK40186
=949  \\$zUAIN$zETHESIS

