=LDR  01207ntm a22003131i 4500
=001  uab09280723
=003  UAB
=005  20141024143007.0
=006  m|||||o||d||||||||
=007  cr||||||||||||
=008  141024t19781978xx\adf\\obm\\\000\0\eng\d
=040  \\$aUAB$beng$erda$cUAB
=050  \4$aTL574.L3$bK6 1978
=090  \\$aInternet Access$bAEU
=100  1\$aKo, Ru-San R.,$eauthor.
=245  10$aLaminar free convection in periodic and non-uniform body force field /$cby Ru-San R. Ko.
=264  \1$c[1978]
=264  \4$c1978
=300  \\$a1 online resource (xvii, 188 pages) :$billustrations
=336  \\$atext$btxt$2rdacontent
=337  \\$acomputer$bc$2rdamedia
=338  \\$aonline resource$bcr$2rdacarrier
=500  \\$a"A thesis submitted to the Faculty of Graduate Studies and Research in partial fulfilment of the requirements for the degree of Doctor of Philosophy, Department of Mechanical Engineering."
=502  \\$bPh. D.$cUniversity of Alberta$d1978.
=504  \\$aIncludes bibliographical references (pages 143-147).
=650  \0$aLaminar boundary layer.
=650  \0$aHeat$xTransmission.
=710  2\$aUniversity of Alberta.$bDepartment of Mechanical Engineering.
=900  \\$aNK40204
=949  \\$zUAIN$zETHESIS

