=LDR  01414ntm a22003491i 4500
=001  uab09280740
=003  UAB
=005  20141024150051.0
=006  m|||||o||d||||||||
=007  cr||||||||||||
=008  141024t19781978xx\acfh\obm\\\000\0dfre\d
=040  \\$aUAB$beng$erda$cUAB
=041  0\$afre$beng
=050  \4$aPQ1794.D3$bZ726 1978
=090  \\$aInternet Access$bAEU
=100  1\$aKunzle, Nicole,$eauthor.
=245  12$aL'homme du peuple dans la dramaturgie de Dancourt /$cby Nicole Kunzle.
=264  \1$c[1978]
=264  \4$c1978
=300  \\$a1 online resource (xx, 382 pages) :$billustrations, facsimiles, portraits
=336  \\$atext$btxt$2rdacontent
=337  \\$acomputer$bc$2rdamedia
=338  \\$aonline resource$bcr$2rdacarrier
=500  \\$a"A thesis submitted to the Faculty of Graduate Studies and Research in partial fulfilment of the requirements for the degree of Doctor of Philosophy, Department of Romance Languages."
=502  \\$bPh. D.$cUniversity of Alberta$d1978.
=504  \\$aIncludes bibliographical references (pages [312]-323).
=546  \\$aIn French; includes abstract in English.
=590  \\$aLibrary copy imperfect: faded and foxed throughout.
=600  10$aDancourt, Florent Carton,$d1661-1725$xCriticism and interpretation.
=650  \0$aSocial classes in literature.
=710  2\$aUniversity of Alberta.$bDepartment of Romance Languages.
=900  \\$aNK40210
=949  \\$zUAIN$zETHESIS

