=LDR  01181ntm a22003131i 4500
=001  uab09280749
=003  UAB
=005  20141024151843.0
=006  m|||||o||d||||||||
=007  cr||||||||||||
=008  141024t19781978xx\adf\\obm\\\000\0\eng\d
=040  \\$aUAB$beng$erda$cUAB
=050  \4$aQR410.2.M46$bL44 1978
=090  \\$aInternet Access$bAEU
=100  1\$aLee, Patrick W. K.,$eauthor.
=245  10$aStudies of the replication and assembly of Mengo virus /$cby Patrick W.K. Lee.
=264  \1$c[1978]
=264  \4$c1978
=300  \\$a1 online resource (xvii, 117 pages) :$billustrations
=336  \\$atext$btxt$2rdacontent
=337  \\$acomputer$bc$2rdamedia
=338  \\$aonline resource$bcr$2rdacarrier
=500  \\$a"A thesis submitted to the Faculty of Graduate Studies and Research in partial fulfilment of the requirements for the degree of Doctor of Philosophy, Department of Biochemistry."
=502  \\$bPh. D.$cUniversity of Alberta$d1978.
=504  \\$aIncludes bibliographical references (pages 108-117).
=650  \0$aPicornaviruses.
=650  \0$aViruses$xReproduction.
=710  2\$aUniversity of Alberta.$bDepartment of Biochemistry.
=900  \\$aNK40215
=949  \\$zUAIN$zETHESIS

