=LDR  01355ntm a22003251i 4500
=001  uab09280882
=003  UAB
=005  20141025094512.0
=006  m|||||o||d||||||||
=007  cr||||||||||||
=008  141025t19781978xx\adf\\obm\\\000\0\eng\d
=040  \\$aUAB$beng$erda$cUAB
=050  \4$aQP301$b.L44 1978
=090  \\$aInternet Access$bAEU
=100  1\$aLeger, Luc Albert,$eauthor.
=245  14$aThe effects of continuous and intermittent training upon ATP, PC, CPK, AK and "M" and "H" LDH in skeletal muscle, heart and liver of the rat /$cby Luc Albert Leger.
=264  \1$c[1978]
=264  \4$c1978
=300  \\$a1 online resource (xv, 229 pages) :$billustrations
=336  \\$atext$btxt$2rdacontent
=337  \\$acomputer$bc$2rdamedia
=338  \\$aonline resource$bcr$2rdacarrier
=500  \\$a"A thesis submitted to the Faculty of Graduate Studies and Research in partial fulfillment of the requirements for the degree of Doctor of Philosophy, Department of Physical Education."
=502  \\$bPh. D.$cUniversity of Alberta$d1978.
=504  \\$aIncludes bibliographical references (pages 125-155).
=590  \\$aLibrary copy imperfect: page 155 scanned twice.
=650  \0$aRats$xExercise$xPhysiological aspects.
=650  \0$aEnergy metabolism.
=710  2\$aUniversity of Alberta.$bDepartment of Physical Education.
=900  \\$aNK40218
=949  \\$zUAIN$zETHESIS

