=LDR  01265ntm a22003251i 4500
=001  uab09280921
=003  UAB
=005  20141025112356.0
=006  m|||||o||d||||||||
=007  cr||||||||||||
=008  141025t19781978xx\adf\\obm\\\000\0\eng\d
=040  \\$aUAB$beng$erda$cUAB
=050  \4$aQP552.M93$bP38 1978
=090  \\$aInternet Access$bAEU
=100  1\$aPato, Mary Dence,$eauthor.
=245  10$aProperties of large [alpha] tropomyosin fragments prepared by selective enzymic and chemical cleavages /$cby Mary Dence Pato.
=264  \1$c[1978]
=264  \4$c1978
=300  \\$a1 online resource (xix, 216 pages) :$billustrations
=336  \\$atext$btxt$2rdacontent
=337  \\$acomputer$bc$2rdamedia
=338  \\$aonline resource$bcr$2rdacarrier
=500  \\$a"A thesis submitted to the Faculty of Graduate Studies and Research in partial fulfilment of the requirements for the degree of Doctor of Philosophy, Department of Biochemistry."
=502  \\$bPh. D.$cUniversity of Alberta$d1978.
=504  \\$aIncludes bibliographical references (pages 211-216).
=650  \0$aTropomyosins.
=650  \0$aRabbits$xPhysiology.
=650  \0$aStriated muscle$xContraction.
=710  2\$aUniversity of Alberta.$bDepartment of Biochemistry.
=900  \\$aNK40271
=949  \\$zUAIN$zETHESIS

