=LDR  01381ntm a22003371i 4500
=001  uab09280929
=003  UAB
=005  20141025120631.0
=006  m|||||o||d||||||||
=007  cr||||||||||||
=008  141025t19781978xx\\\\\\obm\\\000\0\eng\d
=040  \\$aUAB$beng$erda$cUAB
=043  \\$aa-cc---
=050  \4$aGV721.4.C6$bP46 1978
=090  \\$aInternet Access$bAEU
=100  1\$aPendleton, Brian B.$q(Brian Blair),$eauthor.
=245  14$aThe People's Republic of China and the Olympic movement :$ba question of recognition /$cby Brian B. Pendleton.
=264  \1$c[1978]
=264  \4$c1978
=300  \\$a1 online resource (xviii, 333 pages)
=336  \\$atext$btxt$2rdacontent
=337  \\$acomputer$bc$2rdamedia
=338  \\$aonline resource$bcr$2rdacarrier
=500  \\$a"A thesis submitted to the Faculty of Graduate Studies and Research in partial fulfilment of the requirements for the degree of Doctor of Philosophy, Department of Physical Education."
=502  \\$bPh. D.$cUniversity of Alberta$d1978.
=504  \\$aIncludes bibliographical references (pages [269]-287).
=650  \0$aOlympics$xParticipation, Chinese$xHistory$y20th century.
=650  \0$aSports and state$zChina$xHistory$y20th century.
=650  \0$aSports and state$zTaiwan$xHistory$y20th century.
=710  2\$aUniversity of Alberta.$bDepartment of Physical Education.
=900  \\$aNK40273
=949  \\$zUAIN$zETHESIS

