=LDR  01253ntm a22003371i 4500
=001  uab09280935
=003  UAB
=005  20141025121958.0
=006  m|||||o||d||||||||
=007  cr||||||||||||
=008  141025t19781978xx\adf\\obm\\\000\0\eng\d
=040  \\$aUAB$beng$erda$cUAB
=050  \4$aQC794.6.C6$bR36 1978
=090  \\$aInternet Access$bAEU
=100  1\$aRankin, John,$eauthor.
=245  10$aElectron translation factors and the determination of switching functions /$cby John Rankin.
=264  \1$c[1978]
=264  \4$c1978
=300  \\$a1 online resource (xii, 181 pages) :$billustrations
=336  \\$atext$btxt$2rdacontent
=337  \\$acomputer$bc$2rdamedia
=338  \\$aonline resource$bcr$2rdacarrier
=500  \\$a"A thesis submitted to the Faculty of Graduate Studies and Research in partial fulfilment of the requirements for the degree of Doctor of Philosophy, Department of Chemistry."
=502  \\$bPh. D.$cUniversity of Alberta$d1978.
=504  \\$aIncludes bibliographical references (pages 172-175).
=650  \0$aCollisions (Nuclear physics)
=650  \0$aScattering (Physics)
=650  \0$aElectrons.
=650  \0$aSwitching theory.
=710  2\$aUniversity of Alberta.$bDepartment of Chemistry.
=900  \\$aNK40288
=949  \\$zUAIN$zETHESIS

