=LDR  01353ntm a22003131i 4500
=001  uab09280938
=003  UAB
=005  20141025122225.0
=006  m|||||o||d||||||||
=007  cr||||||||||||
=008  141025t19781978xx\af\\\obm\\\000\0\eng\d
=040  \\$aUAB$beng$erda$cUAB
=050  \4$aQD305.C3$bR43 1978
=090  \\$aInternet Access$bAEU
=100  1\$aRedda, Kinfe K.,$eauthor.
=245  10$aSynthesis and pharmacological evaluation of N-iminopyridinium ylides and their 1,2,5,6,-tetrahydropyridine reduction products /$cby Kinfe Redda.
=264  \1$c[1978]
=264  \4$c1978
=300  \\$a1 online resource (xxiii, 169 pages) :$billustrations
=336  \\$atext$btxt$2rdacontent
=337  \\$acomputer$bc$2rdamedia
=338  \\$aonline resource$bcr$2rdacarrier
=500  \\$a"A thesis submitted to the Faculty of Graduate Studies and Research in partial fulfilment of the requirements for the degree of Doctor of Philosophy, Division of Medicinal Chemistry, Faculty of Pharmacy and Pharmaceutical Sciences."
=502  \\$bPh. D.$cUniversity of Alberta$d1978.
=504  \\$aIncludes bibliographical references (pages 140-147).
=650  \0$aYlides$xSynthesis.
=650  \0$aReduction (Chemistry)
=710  2\$aUniversity of Alberta.$bDivision of Medicinal Chemistry.$bFaculty of Pharmacy and Pharmaceutical Sciences.
=900  \\$aNK40289
=949  \\$zUAIN$zETHESIS

