=LDR  01466ntm a22003611i 4500
=001  uab09281141
=003  UAB
=005  20141027122851.0
=006  m|||||o||d||||||||
=007  cr||||||||||||
=008  141027t19781978xx\\\\\\obm\\\000\0deng\d
=040  \\$aUAB$beng$erda$cUAB
=043  \\$aaw-----$ae------$aff-----
=050  \4$aDG278$b.S56 1978
=090  \\$aInternet Access$bAEU
=100  1\$aSimpson, C. J.$q(Christopher John),$d1946-$eauthor.
=245  10$aSix studies in early Roman imperial history /$cby C.J. Simpson.
=264  \1$c[1978]
=264  \4$c1978
=300  \\$a1 online resource (xii, 298 pages)
=336  \\$atext$btxt$2rdacontent
=337  \\$acomputer$bc$2rdamedia
=338  \\$aonline resource$bcr$2rdacarrier
=500  \\$a"A thesis submitted to the Faculty of Graduate Studies and Research in partial fulfillment of the requirements for the degree of Doctor of Philosophy in Classics, Department of Classics."
=502  \\$bPh. D.$cUniversity of Alberta$d1978.
=504  \\$aIncludes bibliographical references (pages 269-290).
=590  \\$aLibrary copy imperfect: page 289 scanned twice, partially unreadable.
=651  \0$aRome$xHistory$yJulio-Claudians, 30 B.C.-68 A.D.
=600  00$aAugustus,$cEmperor of Rome,$d63 B.C.-14 A.D.
=600  00$aTiberius,$cEmperor of Rome,$d42 B.C.-37 A.D.
=600  00$aCaligula,$cEmperor of Rome,$d12-41.
=710  2\$aUniversity of Alberta.$bDepartment of Classics.
=900  \\$aNK40312
=949  \\$zUAIN$zETHESIS

