=LDR  01236ntm a22003251i 4500
=001  uab09281150
=003  UAB
=005  20141027123655.0
=006  m|||||o||d||||||||
=007  cr||||||||||||
=008  141027t19781978xx\abdf\obm\\\000\0\eng\d
=040  \\$aUAB$beng$erda$cUAB
=050  \4$aTA418.9.P6$bS67 1978
=090  \\$aInternet Access$bAEU
=100  1\$aSophocleous, Marios A.,$eauthor.
=245  10$aAnalysis of heat and water transport in unsaturated-saturated porous media /$cby Marios A. Sophocleous.
=264  \1$c[1978]
=264  \4$c1978
=300  \\$a1 online resource (xxiv, 271 pages) :$billustrations, maps
=336  \\$atext$btxt$2rdacontent
=337  \\$acomputer$bc$2rdamedia
=338  \\$aonline resource$bcr$2rdacarrier
=500  \\$a"A thesis submitted to the Faculty of Graduate Studies and Research in partial fulfilment of the requirements for the degree of Doctor of Philosophy, Department of Geology."
=502  \\$bPh. D.$cUniversity of Alberta$d1978.
=504  \\$aIncludes bibliographical references (pages 186-211).
=650  \0$aPorous materials.
=650  \0$aHeat$xTransmission.
=650  \0$aWater transfer.
=710  2\$aUniversity of Alberta.$bDepartment of Geology.
=900  \\$aNK40317
=949  \\$zUAIN$zETHESIS

