=LDR  01173ntm a22003011i 4500
=001  uab09281313
=003  UAB
=005  20141027153538.0
=006  m|||||o||d||||||||
=007  cr||||||||||||
=008  141027t19781978xx\\\\\\obm\\\000\0deng\d
=040  \\$aUAB$beng$erda$cUAB
=050  \4$aPR5517.W6$bV38 1978
=090  \\$aInternet Access$bAEU
=100  1\$aVaughan, Lorna McCallum,$eauthor.
=245  10$aAspects of Hertha :$bSwinburne's symbol of the woman /$cby Lorna McCallum Vaughan.
=264  \1$c[1978]
=264  \4$c1978
=300  \\$a1 online resource (vii, 526 pages)
=336  \\$atext$btxt$2rdacontent
=337  \\$acomputer$bc$2rdamedia
=338  \\$aonline resource$bcr$2rdacarrier
=500  \\$a"A thesis submitted to the Faculty of Graduate Studies and Research in partial fulfilment of the requirements for the degree of Doctor of Philosophy, Department of English."
=502  \\$bPh. D.$cUniversity of Alberta$d1978.
=504  \\$aIncludes bibliographical references (pages 508-526).
=600  10$aSwinburne, Algernon Charles,$d1837-1909$vPoetry$xCharacters$xWomen.
=710  2\$aUniversity of Alberta.$bDepartment of English.
=900  \\$aNK40344
=949  \\$zUAIN$zETHESIS

