=LDR  01514ntm a22003731i 4500
=001  uab09281319
=003  UAB
=005  20141027154215.0
=006  m|||||o||d||||||||
=007  cr||||||||||||
=008  141027t19781978xx\abdf\obm\\\000\0\eng\d
=040  \\$aUAB$beng$erda$cUAB
=043  \\$an------
=050  \4$aQL638.C94$bW45 1978
=090  \\$aInternet Access$bAEU
=100  1\$aWells, Alan W.,$eauthor.
=245  10$aSystematics, variation and zoogeography of two North American cyprinid fishes /$cby Alan W. Wells.
=264  \1$c[1978]
=264  \4$c1978
=300  \\$a1 online resource (xv, 295 pages) :$billustrations, maps
=336  \\$atext$btxt$2rdacontent
=337  \\$acomputer$bc$2rdamedia
=338  \\$aonline resource$bcr$2rdacarrier
=500  \\$a"A thesis submitted to the Faculty of Graduate Studies and Research in partial fulfilment of the requirements for the degree of Doctor of Philosophy, Department of Zoology."
=502  \\$bPh. D.$cUniversity of Alberta$d1978.
=504  \\$aIncludes bibliographical references (pages 294-295).
=650  \0$aBrassy minnow$zNorth America$xClassification.
=650  \0$aBrassy minnow$xVariation$zNorth America.
=650  \0$aBrassy minnow$xGeographical distribution$zNorth America.
=650  \0$aLake chub$zNorth America$xClassification.
=650  \0$aLake chub$xVariation$zNorth America.
=650  \0$aLake chub$xGeographical distribution$zNorth America.
=710  2\$aUniversity of Alberta.$bDepartment of Zoology.
=900  \\$aNK40348
=949  \\$zUAIN$zETHESIS

