=LDR  01250ntm a22003251i 4500
=001  uab09281337
=003  UAB
=005  20141027160408.0
=006  m|||||o||d||||||||
=007  cr||||||||||||
=008  141027t19781978xx\adf\\obm\\\000\0\eng\d
=040  \\$aUAB$beng$erda$cUAB
=050  \4$aTA656$b.W66 1978
=090  \\$aInternet Access$bAEU
=100  1\$aWood, Brian Ross,$eauthor.
=245  14$aThe design of tall steel building frames for stability /$cby Brian Ross Wood.
=264  \1$c[1978]
=264  \4$c1978
=300  \\$a1 online resource (xviii, 214 pages) :$billustrations
=336  \\$atext$btxt$2rdacontent
=337  \\$acomputer$bc$2rdamedia
=338  \\$aonline resource$bcr$2rdacarrier
=500  \\$a"A thesis submitted to the Faculty of Graduate Studies and Research in partial fulfillment of the requirements for the degree of Doctor of Philosophy, Department of Civil Engineering."
=502  \\$bPh. D.$cUniversity of Alberta$d1978.
=504  \\$aIncludes bibliographical references (pages 186-191).
=650  \0$aStructural stability.
=650  \0$aTall buildings$xDesign and construction.
=650  \0$aSteel framing (Building)
=710  2\$aUniversity of Alberta.$bDepartment of Civil Engineering.
=900  \\$aNK40354
=949  \\$zUAIN$zETHESIS

