=LDR  01174ntm a22003011i 4500
=001  uab09281377
=003  UAB
=005  20141027163553.0
=006  m|||||o||d||||||||
=007  cr||||||||||||
=008  141027t19791979xx\adf\\obm\\\000\0\eng\d
=040  \\$aUAB$beng$erda$cUAB
=050  \4$aQA241$b.H37 1979
=090  \\$aInternet Access$bAEU
=100  1\$aHardy, George Eugene,$eauthor.
=245  10$aOn the Schnirelmann density of the k-free and (k,r)-free integers /$cby George Eugene Hardy.
=264  \1$c[1979]
=264  \4$c1979
=300  \\$a1 online resource (ix pages, 3 unnumbered pages, 137 pages) :$billustrations
=336  \\$atext$btxt$2rdacontent
=337  \\$acomputer$bc$2rdamedia
=338  \\$aonline resource$bcr$2rdacarrier
=500  \\$a"A thesis submitted to the Faculty of Graduate Studies and Research in partial fulfilment of the requirements for the degree of Doctor of Philosophy, Department of Mathematics."
=502  \\$bPh. D.$cUniversity of Alberta$d1979.
=504  \\$aIncludes bibliographical references (pages 135-137).
=650  \0$aNumber theory.
=710  2\$aUniversity of Alberta.$bDepartment of Mathematics.
=900  \\$aNK40417
=949  \\$zUAIN$zETHESIS

