=LDR  01366ntm a22003371i 4500
=001  uab09281446
=003  UAB
=005  20141027174416.0
=006  m|||||o||d||||||||
=007  cr||||||||||||
=008  141027t19791979xx\\\\\\obm\\\000\0deng\d
=040  \\$aUAB$beng$erda$cUAB
=050  \4$aPR2968$b.M55 1979
=090  \\$aInternet Access$bAEU
=100  1\$aMills, Robert John,$eauthor.
=245  10$aEighteenth-century editors of Shakespeare /$cby Robert John Mills.
=264  \1$c[1979]
=264  \4$c1979
=300  \\$a1 online resource (v pages, 2 unnumbered pages, 261 pages)
=336  \\$atext$btxt$2rdacontent
=337  \\$acomputer$bc$2rdamedia
=338  \\$aonline resource$bcr$2rdacarrier
=500  \\$a"A thesis submitted to the Faculty of Graduate Studies and Research in partial fulfilment of the requirements for the degree of Doctor of Philosophy, Department of English."
=502  \\$bPh. D.$cUniversity of Alberta$d1979.
=504  \\$aIncludes bibliographical references (pages 229-239).
=590  \\$aLibrary copy imperfect: page 67 partially unreadable.
=600  10$aShakespeare, William,$d1564-1616$xCriticism and interpretation$xHistory$y18th century.
=650  \0$aEditors$xHistory$y18th century.
=650  \0$aDrama$xEditing$xHistory$y18th century.
=710  2\$aUniversity of Alberta.$bDepartment of English.
=900  \\$aNK40460
=949  \\$zUAIN$zETHESIS

