=LDR  01314ntm a22003371i 4500
=001  uab09281543
=003  UAB
=005  20141028103735.0
=006  m|||||o||d||||||||
=007  cr||||||||||||
=008  141028t19791979xx\abdf\obm\\\000\0\eng\d
=040  \\$aUAB$beng$erda$cUAB
=043  \\$as-gy---
=050  \4$aTN48$b.W35 1979
=090  \\$aInternet Access$bAEU
=100  1\$aWalrond, G. W.,$eauthor.
=245  10$aMinerals policy development strategy in Guyana /$cby Grantley W. Walrond.
=264  \1$c[1979]
=264  \4$c1979
=300  \\$a1 online resource (xv, 418 pages, 4 unnumbered pages) :$billustrations, maps
=336  \\$atext$btxt$2rdacontent
=337  \\$acomputer$bc$2rdamedia
=338  \\$aonline resource$bcr$2rdacarrier
=500  \\$a"A thesis submitted to the Faculty of Graduate Studies and Research in partial fulfillment of the requirements for the degree of Doctor of Philosophy, Department of Geology."
=502  \\$bPh. D.$cUniversity of Alberta$d1979.
=504  \\$aIncludes bibliographical references (pages 356-381).
=590  \\$aLibrary copy imperfect: page 418 scanned twice.
=650  \0$aMines and mineral resources$xGovernment policy$zGuyana.
=650  \0$aMineral industries$zGuyana.
=710  2\$aUniversity of Alberta.$bDepartment of Geology.
=900  \\$aNK40526
=949  \\$zUAIN$zETHESIS

