=LDR  01225ntm a22003371i 4500
=001  uab09281555
=003  UAB
=005  20141028105025.0
=006  m|||||o||d||||||||
=007  cr||||||||||||
=008  141028t19791979xx\af\\\obm\\\000\0\eng\d
=040  \\$aUAB$beng$erda$cUAB
=050  \4$aQK881$b.W37 1979
=090  \\$aInternet Access$bAEU
=100  1\$aWard, Dale E.,$eauthor.
=245  10$aSynthetic and [superscript 13]CMR studies on cyathins /$cby Dale E. Ward.
=264  \1$c[1979]
=264  \4$c1979
=300  \\$a1 online resource (x, 101 pages) :$billustrations
=336  \\$atext$btxt$2rdacontent
=337  \\$acomputer$bc$2rdamedia
=338  \\$aonline resource$bcr$2rdacarrier
=500  \\$a"A thesis submitted to the Faculty of Graduate Studies and Research in partial fulfilment of the requirements for the degree of Doctor of Philosophy, Department of Chemistry."
=502  \\$bPh. D.$cUniversity of Alberta$d1979.
=504  \\$aIncludes bibliographical references (pages 96-101).
=650  \0$aPlant metabolites.
=650  \0$aDiterpenes.
=650  \0$aPlant metabolites$xSynthesis.
=650  \0$aNidulariaceae.
=710  2\$aUniversity of Alberta.$bDepartment of Chemistry.
=900  \\$aNK40528
=949  \\$zUAIN$zETHESIS

