=LDR  01384ntm a22003371i 4500
=001  uab09281562
=003  UAB
=005  20141028105641.0
=006  m|||||o||d||||||||
=007  cr||||||||||||
=008  141028t19791979xx\adf\\obm\\\000\0\eng\d
=040  \\$aUAB$beng$erda$cUAB
=050  \4$aQL508.G8$bW38 1979
=090  \\$aInternet Access$bAEU
=100  1\$aWatler, Doreen,$eauthor.
=245  10$aInfluence of social experience on development of individuals of Acheta domesticus (L.) the house cricket, and of some Gryllus species (Orthoptera, Gryllidae) /$cby Doreen Watler.
=264  \1$c[1979]
=264  \4$c1979
=300  \\$a1 online resource (xxii, 159 pages) :$billustrations
=336  \\$atext$btxt$2rdacontent
=337  \\$acomputer$bc$2rdamedia
=338  \\$aonline resource$bcr$2rdacarrier
=500  \\$a"A thesis submitted to the Faculty of Graduate Studies and Research in partial fulfilment of the requirements for the degree of Doctor of Philosophy, Entomology Department."
=502  \\$bPh. D.$cUniversity of Alberta$d1979.
=504  \\$aIncludes bibliographical references (pages 149-158).
=590  \\$aLibrary copy imperfect: pages 75-159 scanned twice.
=650  \0$aHouse cricket$xBehavior.
=650  \0$aGryllus$xBehavior.
=650  \0$aSocial behavior in animals.
=710  2\$aUniversity of Alberta.$bDepartment of Entomology.
=900  \\$aNK40532
=949  \\$zUAIN$zETHESIS

