=LDR  01245ntm a22003371i 4500
=001  uab09281587
=003  UAB
=005  20141028112417.0
=006  m|||||o||d||||||||
=007  cr||||||||||||
=008  141028t19791979xx\adf\\obm\\\000\0\eng\d
=040  \\$aUAB$beng$erda$cUAB
=050  \4$aTC530$b.A36 1979
=090  \\$aInternet Access$bAEU
=100  1\$aAhmadi, Reza,$eauthor.
=245  13$aAn experimental study of interaction between main channel and flood plain flows /$cby Reza Ahmadi.
=264  \1$c[1979]
=264  \4$c1979
=300  \\$a1 online resource (xv, 226 pages) :$billustrations
=336  \\$atext$btxt$2rdacontent
=337  \\$acomputer$bc$2rdamedia
=338  \\$aonline resource$bcr$2rdacarrier
=500  \\$a"A thesis submitted to the Faculty of Graduate Studies and Research in partial fulfilment of the requirements for the degree of Doctor of Philosophy, Civil Engineering."
=502  \\$bPh. D.$cUniversity of Alberta$d1979.
=504  \\$aIncludes bibliographical references (pages 205-211).
=650  \0$aFlood control.
=650  \0$aFlood control channels.
=650  \0$aFloodplains.
=650  \0$aFluid dynamics.
=710  2\$aUniversity of Alberta.$bDepartment of Civil Engineering.
=900  \\$aNK43322
=949  \\$zUAIN$zETHESIS

