=LDR  01170ntm a22003131i 4500
=001  uab09281598
=003  UAB
=005  20141028114357.0
=006  m|||||o||d||||||||
=007  cr||||||||||||
=008  141028t19791979xx\df\\\obm\\\000\0\eng\d
=040  \\$aUAB$beng$erda$cUAB
=050  \4$aQR185.8.T2$bA43 1979
=090  \\$aInternet Access$bAEU
=100  1\$aal-Adra, Abdul R.,$eauthor.
=245  10$aT cell regulation of the induction of cytotoxic T cells /$cby Abdul R. al-Adra.
=264  \1$c[1979]
=264  \4$c1979
=300  \\$a1 online resource (x, 121 pages) :$billustrations
=336  \\$atext$btxt$2rdacontent
=337  \\$acomputer$bc$2rdamedia
=338  \\$aonline resource$bcr$2rdacarrier
=500  \\$a"A thesis submitted to the Faculty of Graduate Studies and Research in partial fulfilment of the requirements for the degree of Doctor of Philosophy in Immunology, Medical Sciences."
=502  \\$bPh. D.$cUniversity of Alberta$d1979.
=504  \\$aIncludes bibliographical references (pages 109-121).
=650  \0$aT cells.
=650  \0$aImmune response$xRegulation.
=710  2\$aUniversity of Alberta.$bMedical Sciences.
=900  \\$aNK43323
=949  \\$zUAIN$zETHESIS

