=LDR  01134ntm a22003131i 4500
=001  uab09281628
=003  UAB
=005  20141028121353.0
=006  m|||||o||d||||||||
=007  cr||||||||||||
=008  141028t19791979xx\adf\\obm\\\000\0\eng\d
=040  \\$aUAB$beng$erda$cUAB
=050  \4$aQP517.H93$bB37 1979
=090  \\$aInternet Access$bAEU
=100  1\$aBarton, Simon A.,$eauthor.
=245  10$aVibrational dynamics of the hydrogen bond /$cby Simon A. Barton.
=264  \1$c[1979]
=264  \4$c1979
=300  \\$a1 online resource (xii, 166 pages) :$billustrations
=336  \\$atext$btxt$2rdacontent
=337  \\$acomputer$bc$2rdamedia
=338  \\$aonline resource$bcr$2rdacarrier
=500  \\$a"A thesis submitted to the Faculty of Graduate Studies and Research in partial fulfilment of the requirements for the degree of Doctor of Philosophy in Chemistry."
=502  \\$bPh. D.$cUniversity of Alberta$d1979.
=504  \\$aIncludes bibliographical references (pages 159-166).
=650  \0$aHydrogen bonding.
=650  \0$aVibration.
=710  2\$aUniversity of Alberta.$bDepartment of Chemistry.
=900  \\$aNK43338
=949  \\$zUAIN$zETHESIS

