=LDR  01299ntm a22003131i 4500
=001  uab09281655
=003  UAB
=005  20141028125252.0
=006  m|||||o||d||||||||
=007  cr||||||||||||
=008  141028t19791979xx\adf\\obm\\\000\0\eng\d
=040  \\$aUAB$beng$erda$cUAB
=050  \4$aQP609.S47$bB73 1979
=090  \\$aInternet Access$bAEU
=100  1\$aBrayer, Gary David,$eauthor.
=245  10$aStructural studies of the microbial serine proteases, Streptomyces griseus protease A, Streptomyces griseus protease B and alpha lytic protease /$cby Gary David Brayer.
=264  \1$c[1979]
=264  \4$c1979
=300  \\$a1 online resource (xxvi, 247 pages) :$billustrations
=336  \\$atext$btxt$2rdacontent
=337  \\$acomputer$bc$2rdamedia
=338  \\$aonline resource$bcr$2rdacarrier
=500  \\$a"A thesis submitted to the Faculty of Graduate Studies and Research in partial fulfilment of the requirements for the degree of Doctor of Philosophy in Biochemistry, Department of Biochemistry."
=502  \\$bPh. D.$cUniversity of Alberta$d1979.
=504  \\$aIncludes bibliographical references (pages 226-238).
=650  \0$aSerine proteinases$xStructure.
=650  \0$aStreptomyces griseus.
=710  2\$aUniversity of Alberta.$bDepartment of Biochemistry.
=900  \\$aNK43357
=949  \\$zUAIN$zETHESIS

