=LDR  01246ntm a22003371i 4500
=001  uab09281658
=003  UAB
=005  20141028125803.0
=006  m|||||o||d||||||||
=007  cr||||||||||||
=008  141028t19791979xx\adf\\obm\\\000\0\eng\d
=040  \\$aUAB$beng$erda$cUAB
=050  \4$aQC794.6.S3$bB76 1979
=090  \\$aInternet Access$bAEU
=100  1\$aBrooks, Robert L.$c(Physicist),$eauthor.
=245  10$aPolarization studies using beam-foil spectroscopy /$cby Robert Leslie Brooks.
=264  \1$c[1979]
=264  \4$c1979
=300  \\$a1 online resource (xii, 168 pages) :$billustrations
=336  \\$atext$btxt$2rdacontent
=337  \\$acomputer$bc$2rdamedia
=338  \\$aonline resource$bcr$2rdacarrier
=500  \\$a"A thesis submitted to the Faculty of Graduate Studies and Research in partial fulfilment of the requirements for the degree of Doctor of Philosophy, Department of Physics."
=502  \\$bPh. D.$cUniversity of Alberta$d1979.
=504  \\$aIncludes bibliographical references (pages 142-146).
=650  \0$aPolarization (Nuclear physics)
=650  \0$aBeam-foil spectroscopy.
=650  \0$aHelium.
=650  \0$aNitrogen.
=710  2\$aUniversity of Alberta.$bDepartment of Physics.
=900  \\$aNK43358
=949  \\$zUAIN$zETHESIS

