=LDR  01277ntm a22003371i 4500
=001  uab09281681
=003  UAB
=005  20141028132452.0
=006  m|||||o||d||||||||
=007  cr||||||||||||
=008  141028t19791979xx\abdf\obm\\\000\0\eng\d
=040  \\$aUAB$beng$erda$cUAB
=050  \4$aQE665$b.B87 1979
=090  \\$aInternet Access$bAEU
=100  1\$aBurnie, Stephen W.,$eauthor.
=245  12$aA sulphur and carbon isotope study of hydrocarbons from the Devonian of Alberta, Canada /$cby Stephen W. Burnie.
=264  \1$c[1979]
=264  \4$c1979
=300  \\$a1 online resource (xx, 339 pages) :$billustrations, map
=336  \\$atext$btxt$2rdacontent
=337  \\$acomputer$bc$2rdamedia
=338  \\$aonline resource$bcr$2rdacarrier
=500  \\$a"A thesis submitted to the Faculty of Graduate Studies and Research in partial fulfilment of the requirements for the degree of Doctor of Philosophy, Department Geology."
=502  \\$bPh. D.$cUniversity of Alberta$d1979.
=504  \\$aIncludes bibliographical references (pages 290-302).
=650  \0$aGeology, Stratigraphic$yDevonian.
=650  \0$aHydrocarbons.
=650  \0$aSulfur$xIsotopes.
=650  \0$aCarbon$xIsotopes.
=710  2\$aUniversity of Alberta.$bDepartment of Geology.
=900  \\$aNK43361
=949  \\$zUAIN$zETHESIS

