=LDR  01344ntm a22003491i 4500
=001  uab09281721
=003  UAB
=005  20141028140319.0
=006  m|||||o||d||||||||
=007  cr||||||||||||
=008  141028t19791979xx\\\\\\obm\\\000\0\eng\d
=040  \\$aUAB$beng$erda$cUAB
=050  \4$aHB901$b.C65 1979
=090  \\$aInternet Access$bAEU
=100  1\$aColbert, Helen,$d1940-$eauthor.
=245  10$aNatural fertility among monogamous and polygynous families :$ba historical demographic study /$cby Helen Colbert.
=264  \1$c[1979]
=264  \4$c1979
=300  \\$a1 online resource (xiv, 285 pages)
=336  \\$atext$btxt$2rdacontent
=337  \\$acomputer$bc$2rdamedia
=338  \\$aonline resource$bcr$2rdacarrier
=500  \\$a"A thesis submitted to the Faculty of Graduate Studies and Research in partial fulfilment of the requirements for the degree of Doctor of Philosophy, Department of Sociology."
=502  \\$bPh. D.$cUniversity of Alberta$d1979.
=504  \\$aIncludes bibliographical references (pages 281-285).
=590  \\$aLibrary copy imperfect: pages 35, 36, 63, 64 wanting.
=650  \0$aFertility, Human.
=650  \0$aMonogamous relationships.
=650  \0$aPolygyny.
=650  \0$aMormon women$xHistory$y19th century.
=710  2\$aUniversity of Alberta.$bDepartment of Sociology.
=900  \\$aNK43372
=949  \\$zUAIN$zETHESIS

