=LDR  01197ntm a22003131i 4500
=001  uab09281773
=003  UAB
=005  20141028151242.0
=006  m|||||o||d||||||||
=007  cr||||||||||||
=008  141028t19781978xx\df\\\obm\\\000\0\eng\d
=040  \\$aUAB$beng$erda$cUAB
=050  \4$aRC685.A6$bG38 1978
=090  \\$aInternet Access$bAEU
=100  1\$aGauthier, Pierre,$eauthor.
=245  10$aHemodynamic effects of exercise and training in angina patients /$cby Pierre Gauthier.
=264  \1$c[1978]
=264  \4$c1978
=300  \\$a1 online resource (xii, 157 pages) :$billustrations
=336  \\$atext$btxt$2rdacontent
=337  \\$acomputer$bc$2rdamedia
=338  \\$aonline resource$bcr$2rdacarrier
=500  \\$a"A thesis submitted to the Faculty of Graduate Studies and Research in partial fulfilment of the requirements for the degree of Doctor of Philosophy, Faculty of Physical Education."
=502  \\$bPh. D.$cUniversity of Alberta$d1978.
=504  \\$aIncludes bibliographical references (pages 79-92).
=650  \0$aAngina pectoris$xPhysical therapy.
=650  \0$aHemodynamics.
=710  2\$aUniversity of Alberta.$bFaculty of Physical Education.
=900  \\$aNK43405
=949  \\$zUAIN$zETHESIS

