=LDR  01438ntm a22003611i 4500
=001  uab09282021
=003  UAB
=005  20141029102824.0
=006  m|||||o||d||||||||
=007  cr||||||||||||
=008  141029t19791979xx\adf\\obm\\\000\0\eng\d
=040  \\$aUAB$beng$erda$cUAB
=050  \4$aQM569.5$b.K45 1979
=090  \\$aInternet Access$bAEU
=100  1\$aKeller, Gordon M.,$d1952-$eauthor.
=245  10$aHemopoietic colonies on the chorioallantoic membrane of the chick embryo :$binduction by embryonic, adherent, non hemopoietic spleen cells /$cby Gordon M. Keller.
=264  \1$c[1979]
=264  \4$c1979
=300  \\$a1 online resource (xi, 166 pages, 1 unnumbered page) :$billustrations
=336  \\$atext$btxt$2rdacontent
=337  \\$acomputer$bc$2rdamedia
=338  \\$aonline resource$bcr$2rdacarrier
=500  \\$a"A thesis submitted to the Faculty of Graduate Studies and Research in partial fulfilment of the requirements for the degree of Doctor of Philosophy in Immunology, Medical Sciences."
=502  \\$bPh. D.$cUniversity of Alberta$d1979.
=504  \\$aIncludes bibliographical references (pages [136]-166).
=650  \0$aHematopoietic system.
=650  \0$aChorioallantois.
=650  \0$aGranulocytes.
=650  \0$aErythrocytes.
=650  \0$aChickens$xEmbryos.
=650  \0$aChickens as laboratory animals.
=710  2\$aUniversity of Alberta.$bDepartment of Medical Sciences.
=900  \\$aNK43446
=949  \\$zUAIN$zETHESIS

