=LDR  01417ntm a22003611i 4500
=001  uab09282040
=003  UAB
=005  20141029110455.0
=006  m|||||o||d||||||||
=007  cr||||||||||||
=008  141029t19791979xx\adf\\obm\\\000\0\eng\d
=040  \\$aUAB$beng$erda$cUAB
=050  \4$aQD503$b.L38 1979
=090  \\$aInternet Access$bAEU
=100  1\$aLau, Yan K.,$eauthor.
=245  10$aStudies of thermal ion-molecule equilibria-determinations of gas-phase basicities and proton affinities by high pressure mass spectrometry /$cby Yan Kui Lau.
=264  \1$c[1979]
=264  \4$c1979
=300  \\$a1 online resource (xx, 431 pages) :$billustrations
=336  \\$atext$btxt$2rdacontent
=337  \\$acomputer$bc$2rdamedia
=338  \\$aonline resource$bcr$2rdacarrier
=500  \\$a"A thesis submitted to the Faculty of Graduate Studies and Research in partial fulfilment of the requirements for the degree of Doctor of Philosophy, Department of Chemistry."
=502  \\$bPh. D.$cUniversity of Alberta$d1979.
=504  \\$aIncludes bibliographical references (pages 418-431).
=590  \\$aLibrary copy imperfect: page 18 partially unreadable.
=650  \0$aChemical equilibrium.
=650  \0$aGases$xAnalysis.
=650  \0$aAcid-base chemistry.
=650  \0$aProtons$xAnalysis.
=650  \0$aMass spectrometry.
=710  2\$aUniversity of Alberta.$bDepartment of Chemistry.
=900  \\$aNK43461
=949  \\$zUAIN$zETHESIS

