=LDR  01307ntm a22003611i 4500
=001  uab09282108
=003  UAB
=005  20141029130356.0
=006  m|||||o||d||||||||
=007  cr||||||||||||
=008  141029t19791979xx\df\\\obm\\\000\0\eng\d
=040  \\$aUAB$beng$erda$cUAB
=050  \4$aQH467$b.M69 1979
=090  \\$aInternet Access$bAEU
=100  1\$aMowat, Michael R. A.,$eauthor.
=245  10$aRepair of [gamma]-ray induced DNA strand breaks in radiation sensitive mutants of yeast /$cby Michael R.A. Mowat.
=264  \1$c[1979]
=264  \4$c1979
=300  \\$a1 online resource (x, 88 pages) :$billustrations
=336  \\$atext$btxt$2rdacontent
=337  \\$acomputer$bc$2rdamedia
=338  \\$aonline resource$bcr$2rdacarrier
=500  \\$a"A thesis submitted to the Faculty of Graduate Studies and Research in partial fulfilment of the requirements for the degree of Doctor of Philosophy, Department of Genetics."
=502  \\$bPh. D.$cUniversity of Alberta$d1979.
=504  \\$aIncludes bibliographical references (pages 75-87).
=650  \0$aDNA repair.
=650  \0$aRadiation.
=650  \0$aDNA damage.
=650  \0$aGamma rays.
=650  \0$aYeast$xGenetics.
=650  \0$aMutation (Biology)
=710  2\$aUniversity of Alberta.$bDepartment of Genetics.
=900  \\$aNK43499
=949  \\$zUAIN$zETHESIS

