=LDR  01219ntm a22003131i 4500
=001  uab09282111
=003  UAB
=005  20141029130647.0
=006  m|||||o||d||||||||
=007  cr||||||||||||
=008  141029t19791979xx\abde\obm\\\000\0\eng\d
=040  \\$aUAB$beng$erda$cUAB
=050  \4$aTH4511$b.N59 1979
=090  \\$aInternet Access$bAEU
=100  1\$aNixon, Charles Donald,$eauthor.
=245  14$aThe design of light industrial buildings /$cby Charles Donald Nixon.
=264  \1$c[1979]
=264  \4$c1979
=300  \\$a1 online resource (xxii, 401 pages) :$billustrations, map, plans
=336  \\$atext$btxt$2rdacontent
=337  \\$acomputer$bc$2rdamedia
=338  \\$aonline resource$bcr$2rdacarrier
=500  \\$a"A thesis submitted to the Faculty of Graduate Studies and Research in partial fulfilment of the requirements for the degree of Doctor of Philosophy, Department of Civil Engineering."
=502  \\$bPh. D.$cUniversity of Alberta$d1979.
=504  \\$aIncludes bibliographical references (pages 353-360).
=650  \0$aIndustrial buildings$xDesign and construction.
=650  \0$aSteel, Structural.
=710  2\$aUniversity of Alberta.$bDepartment of Civil Engineering.
=900  \\$aNK43506
=949  \\$zUAIN$zETHESIS

