=LDR  01585ntm a22003851i 4500
=001  uab09282143
=003  UAB
=005  20141029135208.0
=006  m|||||o||d||||||||
=007  cr||||||||||||
=008  141029t19791979xx\bf\\\obm\\\000\0\eng\d
=040  \\$aUAB$beng$erda$cUAB
=043  \\$ae-fr---$ae-uk---
=050  \4$aD544$b.P74 1979
=090  \\$aInternet Access$bAEU
=100  1\$aPrete, Roy A.$q(Roy Arnold),$d1943-$eauthor.
=245  14$aThe war of movement on the western front, August-November, 1914 /$ca study in coalition warfare by Roy A. Prete.
=264  \1$c[1979]
=264  \4$c1979
=300  \\$a1 online resource (xviii, 535 pages) :$bmaps
=336  \\$atext$btxt$2rdacontent
=337  \\$acomputer$bc$2rdamedia
=338  \\$aonline resource$bcr$2rdacarrier
=500  \\$a"A thesis submitted to the Faculty of Graduate Studies and Research in partial fulfilment of the requirements for the degree of Doctor of Philosophy, Department of History."
=502  \\$bPh. D.$cUniversity of Alberta$d1979.
=504  \\$aIncludes bibliographical references (pages 519-535).
=650  \0$aWorld War, 1914-1918$xCampaigns$zWestern Front.
=650  \0$aWorld War, 1914-1918$zFrance.
=650  \0$aWorld War, 1914-1918$zGreat Britain.
=651  \0$aFrance$xMilitary relations$zGreat Britain.
=651  \0$aGreat Britain$xMilitary relations$zFrance.
=651  \0$aFrance$xMilitary policy$xHistory$y20th century.
=651  \0$aGreat Britain$xMilitary policy$xHistory$y20th century.
=710  2\$aUniversity of Alberta.$bDepartment of History.
=900  \\$aNK43524
=949  \\$zUAIN$zETHESIS

