=LDR  01382ntm a22003491i 4500
=001  uab09282258
=003  UAB
=005  20141029155128.0
=006  m|||||o||d||||||||
=007  cr||||||||||||
=008  141029t19791979xx\adf\\obm\\\000\0\eng\d
=040  \\$aUAB$beng$erda$cUAB
=050  \4$aQK495.G74$bT46 1979
=090  \\$aInternet Access$bAEU
=100  1\$aThomson, Lawrence W.,$eauthor.
=245  10$aLipid composition and acetyl CoA carboxylase activity in developing leaves and chloroplasts of Gateway barley and its virescens mutant /$cby Lawrence W. Thomson.
=264  \1$c[1979]
=264  \4$c1979
=300  \\$a1 online resource (xvi, 183 pages) :$billustrations
=336  \\$atext$btxt$2rdacontent
=337  \\$acomputer$bc$2rdamedia
=338  \\$aonline resource$bcr$2rdacarrier
=500  \\$a"A thesis submitted to the Faculty of Graduate Studies and Research in partial fulfilment of the requirements for the degree of Doctor of Philosophy in Plant Biochemistry and Physiology, Plant Science."
=502  \\$bPh. D.$cUniversity of Alberta$d1979.
=504  \\$aIncludes bibliographical references (pages 166-183).
=650  \0$aBarley$xPhysiology.
=650  \0$aChloroplasts.
=650  \0$aMutation (Biology)
=650  \0$aPlant lipids.
=650  \0$aAcetylcoenzyme A.
=710  2\$aUniversity of Alberta.$bDepartment of Plant Science.
=900  \\$aNK43569
=949  \\$zUAIN$zETHESIS

