=LDR  01414ntm a22003611i 4500
=001  uab09282293
=003  UAB
=005  20141029162327.0
=006  m|||||o||d||||||||
=007  cr||||||||||||
=008  141029t19791979xx\adf\\obm\\\000\0\eng\d
=040  \\$aUAB$beng$erda$cUAB
=050  \4$aQP671.V5$bT75 1979
=090  \\$aInternet Access$bAEU
=100  1\$aTsin, Andrew Tsang-Cheung,$eauthor.
=245  10$aVisual pigments and vitamins A in fishes and amphibians /$cby Andrew Tsang-Cheung Tsin.
=264  \1$c[1979]
=264  \4$c1979
=300  \\$a1 online resource (ix, 113 pages) :$billustrations
=336  \\$atext$btxt$2rdacontent
=337  \\$acomputer$bc$2rdamedia
=338  \\$aonline resource$bcr$2rdacarrier
=500  \\$a"A thesis submitted to the Faculty of Graduate Studies and Research in partial fulfilment of the requirements for the degree of Doctor of Philosophy, Department of Zoology."
=502  \\$bPh. D.$cUniversity of Alberta$d1979.
=504  \\$aIncludes bibliographical references (pages 97-102).
=650  \0$aVisual pigments.
=650  \0$aVitamin A.
=650  \0$aFishes$xPhysiology$xEffect of light on.
=650  \0$aFishes$xPhysiology$xEffect of temperature on.
=650  \0$aAmphibians$xPhysiology$xEffect of light on.
=650  \0$aAmphibians$xPhysiology$xEffect of temperature on.
=710  2\$aUniversity of Alberta.$bDepartment of Zoology.
=900  \\$aNK43574
=949  \\$zUAIN$zETHESIS

