=LDR  01310ntm a22003491i 4500
=001  uab09282308
=003  UAB
=005  20141029163405.0
=006  m|||||o||d||||||||
=007  cr||||||||||||
=008  141029t19791979xx\adf\\obm\\\000\0\eng\d
=040  \\$aUAB$beng$erda$cUAB
=050  \4$aQL638.C94$bW45 1979
=090  \\$aInternet Access$bAEU
=100  1\$aWeigand, Murray Douglas,$eauthor.
=245  10$aEffects of salmon gonadotrophin and sex steroids on plasma lipids in the goldfish, Carassius auratus /$cby Murray Douglas Weigand.
=264  \1$c[1979]
=264  \4$c1979
=300  \\$a1 online resource (xiv, 137 pages) :$billustrations
=336  \\$atext$btxt$2rdacontent
=337  \\$acomputer$bc$2rdamedia
=338  \\$aonline resource$bcr$2rdacarrier
=500  \\$a"A thesis submitted to the Faculty of Graduate Studies and Research in partial fulfilment of the requirements for the degree of Doctor of Philosophy, Department of Zoology."
=502  \\$bPh. D.$cUniversity of Alberta$d1979.
=504  \\$aIncludes bibliographical references (pages 126-137).
=650  \0$aGoldfish$xPhysiology.
=650  \0$aBlood lipids.
=650  \0$aSalmon.
=650  \0$aGonadotropin.
=650  \0$aSteroid hormones.
=710  2\$aUniversity of Alberta.$bDepartment of Zoology.
=900  \\$aNK43586
=949  \\$zUAIN$zETHESIS

