=LDR  01357ntm a22003371i 4500
=001  uab09282348
=003  UAB
=005  20141029165709.0
=006  m|||||o||d||||||||
=007  cr||||||||||||
=008  141029t19791979xx\df\\\obm\\\000\0\eng\d
=040  \\$aUAB$beng$erda$cUAB
=050  \4$aSB201.W5$bW55 1979
=090  \\$aInternet Access$bAEU
=100  1\$aWillms, W. D.$q(Walter David),$d1944-$eauthor.
=245  14$aThe effects of fall burning or grazing on Agropyron spicatum ((Pursh) Schribn. + Smith) and its selection by deer and cattle /$cby W.D. Willms.
=264  \1$c[1979]
=264  \4$c1979
=300  \\$a1 online resource (xix, 164 pages) :$billustrations
=336  \\$atext$btxt$2rdacontent
=337  \\$acomputer$bc$2rdamedia
=338  \\$aonline resource$bcr$2rdacarrier
=500  \\$a"A thesis submitted to the Faculty of Graduate Studies and Research in partial fulfilment of the requirements for the degree of Doctor of Philosophy in Range Management, Plant Science."
=502  \\$bPh. D.$cUniversity of Alberta$d1979.
=504  \\$aIncludes bibliographical references (pages 157-164).
=650  \0$aWheatgrasses$xEffect of fires on.
=650  \0$aWheatgrasses$xEffect of grazing on.
=650  \0$aDeer$xFood.
=650  \0$aCattle$xFood.
=710  2\$aUniversity of Alberta.$bDepartment of Plant Science.
=900  \\$aNK43588
=949  \\$zUAIN$zETHESIS

