=LDR  01289ntm a22003251i 4500
=001  uab09282359
=003  UAB
=005  20141029170445.0
=006  m|||||o||d||||||||
=007  cr||||||||||||
=008  141029t19791979xx\abdf\obm\\\000\0\eng\d
=040  \\$aUAB$beng$erda$cUAB
=043  \\$an------
=050  \4$aQK539.D5$bP48 1979
=090  \\$aInternet Access$bAEU
=100  1\$aPeterson, Wilbur,$eauthor.
=245  12$aA revision of the genera Dicranum and Orthodicranum (Musci) in North America, north of Mexico /$cby Wilbur Peterson.
=264  \1$c[1979]
=264  \4$c1979
=300  \\$a1 online resource (xiv, 453 pages) :$billustrations, maps
=336  \\$atext$btxt$2rdacontent
=337  \\$acomputer$bc$2rdamedia
=338  \\$aonline resource$bcr$2rdacarrier
=500  \\$a"A thesis submitted to the Faculty of Graduate Studies and Research in partial fulfilment of the requirements for the degree of Doctor of Philosophy in Bryology, Department of Botany."
=502  \\$bPh. D.$cUniversity of Alberta$d1979.
=504  \\$aIncludes bibliographical references (pages 433-453).
=650  \0$aDicranum$zNorth America$xClassification.
=650  \0$aDicranaceae$zNorth America$xClassification.
=710  2\$aUniversity of Alberta.$bDepartment of Botany.
=900  \\$aNK44797
=949  \\$zUAIN$zETHESIS

