=LDR  01182ntm a22003131i 4500
=001  uab09282379
=003  UAB
=005  20141029172330.0
=006  m|||||o||d||||||||
=007  cr||||||||||||
=008  141029t19791979xx\af\\\obm\\\000\0\eng\d
=040  \\$aUAB$beng$erda$cUAB
=050  \4$aBF321$b.C37 1979
=090  \\$aInternet Access$bAEU
=100  1\$aCarey, Robert T.,$eauthor.
=245  13$aAn examination of the construct validity of the post-focusing questionnaire /$cby Robert T. Carey.
=264  \1$c[1979]
=264  \4$c1979
=300  \\$a1 online resource (x, 183 pages) :$billustration
=336  \\$atext$btxt$2rdacontent
=337  \\$acomputer$bc$2rdamedia
=338  \\$aonline resource$bcr$2rdacarrier
=500  \\$a"A thesis submitted to the Faculty of Graduate Studies and Research in partial fulfilment of the requirements for the degree of Doctor of Philosophy, Department of Psychology."
=502  \\$bPh. D.$cUniversity of Alberta$d1979.
=504  \\$aIncludes bibliographical references (pages 118-125).
=650  \0$aAttention$xTesting.
=650  \0$aPsychotherapy.
=710  2\$aUniversity of Alberta.$bDepartment of Psychology.
=900  \\$aNK48906
=949  \\$zUAIN$zETHESIS

