=LDR  01164ntm a22003011i 4500
=001  uab09282535
=003  UAB
=005  20141030100609.0
=006  m|||||o||d||||||||
=007  cr||||||||||||
=008  141030t19801980xx\a\\\\obm\\\000\0\eng\d
=040  \\$aUAB$beng$erda$cUAB
=050  \4$aQA274.73$b.C43 1980
=090  \\$aInternet Access$bAEU
=100  1\$aChapin, Jared,$eauthor.
=245  10$aExtension of the Berry-Esseen estimate to converging sequences of absorbed random walks /$cby Jared Chapin.
=264  \1$c[1980]
=264  \4$c1980
=300  \\$a1 online resource (vi, 94 pages) :$billustrations
=336  \\$atext$btxt$2rdacontent
=337  \\$acomputer$bc$2rdamedia
=338  \\$aonline resource$bcr$2rdacarrier
=500  \\$a"A thesis submitted to the Faculty of Graduate Studies and Research in partial fulfilment of the requirements for the degree of Doctor of Philosophy, Department of Mathematics."
=502  \\$bPh. D.$cUniversity of Alberta$d1980.
=504  \\$aIncludes bibliographical references (page 79).
=650  \0$aRandom walks (Mathematics)
=710  2\$aUniversity of Alberta.$bDepartment of Mathematics.
=900  \\$aNK48912
=949  \\$zUAIN$zETHESIS

