=LDR  01475ntm a22003491i 4500
=001  uab09282542
=003  UAB
=005  20141030101339.0
=006  m|||||o||d||||||||
=007  cr||||||||||||
=008  141030t19801980xx\df\\\obm\\\000\0\eng\d
=040  \\$aUAB$beng$erda$cUAB
=050  \4$aQP310.S67$bD35 1980
=090  \\$aInternet Access$bAEU
=100  1\$aDallaire, Jacques A.,$eauthor.
=245  14$aThe protein synthesis response in rat skeletal muscle following acute sprint or endurance running as measured by the incorporation of L-(4,5 [superscript 3]H)-leucine into protein and leucyl-tRNA /$cby Jacques A. Dallaire.
=264  \1$c[1980]
=264  \4$c1980
=300  \\$a1 online resource (xiv, 110 pages) :$billustrations
=336  \\$atext$btxt$2rdacontent
=337  \\$acomputer$bc$2rdamedia
=338  \\$aonline resource$bcr$2rdacarrier
=500  \\$a"A thesis submitted to the Faculty of Graduate Studies and Research in partial fulfilment of the requirements for the degree of Doctor of Philosophy, Physical Education."
=502  \\$bPh. D.$cUniversity of Alberta$d1980.
=504  \\$aIncludes bibliographical references (pages 70-80).
=650  \0$aSprinting$xPhysiological aspects.
=650  \0$aRunning$xPhysiological aspects.
=650  \0$aProteins$xSynthesis.
=650  \0$aSkeleton$xMuscles$xPhysiology.
=650  \0$aRats as laboratory animals.
=710  2\$aUniversity of Alberta.$bDepartment of Physical Education.
=900  \\$aNK48924
=949  \\$zUAIN$zETHESIS

