=LDR  01230ntm a22003251i 4500
=001  uab09282586
=003  UAB
=005  20141030114459.0
=006  m|||||o||d||||||||
=007  cr||||||||||||
=008  141030t19801980xx\af\\\obm\\\000\0\eng\d
=040  \\$aUAB$beng$erda$cUAB
=050  \4$aQC318.I7$bD86 1980
=090  \\$aInternet Access$bAEU
=100  1\$aDumais, Jean-Francois,$eauthor.
=245  10$aTwo and three-dimensional interfacial dynamics /$cby Jean-Francois Dumais.
=264  \1$c[1980]
=264  \4$c1980
=300  \\$a1 online resource (xi, 131 pages) :$billustrations
=336  \\$atext$btxt$2rdacontent
=337  \\$acomputer$bc$2rdamedia
=338  \\$aonline resource$bcr$2rdacarrier
=500  \\$a"A thesis submitted to the Faculty of Graduate Studies and Research in partial fulfillment of the requirements for the degree of Doctor of Philosophy in Theoretical Physics, Department of Physics."
=502  \\$bPh. D.$cUniversity of Alberta$d1980.
=504  \\$aIncludes bibliographical references (pages 128-131).
=650  \0$aNonequilibrium thermodynamics.
=650  \0$aFluid dynamics.
=650  \0$aGibbs' equation.
=710  2\$aUniversity of Alberta.$bDepartment of Physics.
=900  \\$aNK48931
=949  \\$zUAIN$zETHESIS

