=LDR  01319ntm a22003491i 4500
=001  uab09282597
=003  UAB
=005  20141030115715.0
=006  m|||||o||d||||||||
=007  cr||||||||||||
=008  141030t19801980xx\adf\\obm\\\000\0\eng\d
=040  \\$aUAB$beng$erda$cUAB
=050  \4$aQD412.R5$bD85 1980
=090  \\$aInternet Access$bAEU
=100  1\$aDwight, Stephen Kenneth,$eauthor.
=245  14$aThe chemistry of binuclear rhodium complexes with small molecules /$cby Stephen Kenneth Dwight.
=264  \1$c[1980]
=264  \4$c1980
=300  \\$a1 online resource (xix, 317 pages) :$billustrations
=336  \\$atext$btxt$2rdacontent
=337  \\$acomputer$bc$2rdamedia
=338  \\$aonline resource$bcr$2rdacarrier
=500  \\$a"A thesis submitted to the Faculty of Graduate Studies and Research in partial fulfilment of the requirements for the degree of Doctor of Philosophy in Chemistry."
=502  \\$bPh. D.$cUniversity of Alberta$d1980.
=504  \\$aIncludes bibliographical references (pages 186-200).
=590  \\$aLibrary copy imperfect: page 213 scanned twice.
=650  \0$aRhodium compounds.
=650  \0$aMolecules.
=650  \0$aHomogeneous catalysis.
=650  \0$aTransition metal complexes.
=710  2\$aUniversity of Alberta.$bDepartment of Chemistry.
=900  \\$aNK48933
=949  \\$zUAIN$zETHESIS

