=LDR  01247ntm a22003251i 4500
=001  uab09282624
=003  UAB
=005  20141030124436.0
=006  m|||||o||d||||||||
=007  cr||||||||||||
=008  141030t19801980xx\\\\\\obm\\\000\0\eng\d
=040  \\$aUAB$beng$erda$cUAB
=050  \4$aHM1076$b.F47 1980
=090  \\$aInternet Access$bAEU
=100  1\$aFerguson, Tamara J.$q(Tamara Jocelyn),$eauthor.
=245  10$aActor-observer differences in causal attribution and sanctioning evaluation /$cby Tamara Jocelyn Ferguson.
=264  \1$c[1980]
=264  \4$c1980
=300  \\$a1 online resource (xx, 263 pages)
=336  \\$atext$btxt$2rdacontent
=337  \\$acomputer$bc$2rdamedia
=338  \\$aonline resource$bcr$2rdacarrier
=500  \\$a"A thesis submitted to the Faculty of Graduate Studies and Research in partial fulfillment of the requirements for the degree of Doctor of Philosophy, Department of Psychology."
=502  \\$bPh. D.$cUniversity of Alberta$d1980.
=504  \\$aIncludes bibliographical references (pages 180-192).
=650  \0$aAttribution (Social psychology)
=650  \0$aCausation.
=650  \0$aObservation (Psychology)
=710  2\$aUniversity of Alberta.$bDepartment of Psychology.
=900  \\$aNK48939
=949  \\$zUAIN$zETHESIS

