=LDR  01200ntm a22003251i 4500
=001  uab09282633
=003  UAB
=005  20141030130131.0
=006  m|||||o||d||||||||
=007  cr||||||||||||
=008  141030t19801980xx\adf\\obm\\\000\0\eng\d
=040  \\$aUAB$beng$erda$cUAB
=050  \4$aBF245$b.F57 1980
=090  \\$aInternet Access$bAEU
=100  1\$aFishburne, Graham J.,$eauthor.
=245  10$aContext effects in movement judgment /$cby Graham J. Fishburne.
=264  \1$c[1980]
=264  \4$c1980
=300  \\$a1 online resource (xv, 249 pages) :$billustrations
=336  \\$atext$btxt$2rdacontent
=337  \\$acomputer$bc$2rdamedia
=338  \\$aonline resource$bcr$2rdacarrier
=500  \\$a"A thesis submitted to the Faculty of Graduate Studies and Research in partial fulfilment of the requirements for the degree of Doctor of Philosophy, Department of Physical Education."
=502  \\$bPh. D.$cUniversity of Alberta$d1980.
=504  \\$aIncludes bibliographical references (pages 167-180).
=650  \0$aMotion perception (Vision)
=650  \0$aMotor ability.
=650  \0$aMemory.
=710  2\$aUniversity of Alberta.$bDepartment of Physical Education.
=900  \\$aNK48942
=949  \\$zUAIN$zETHESIS

