=LDR  01212ntm a22003251i 4500
=001  uab09282649
=003  UAB
=005  20141030132906.0
=006  m|||||o||d||||||||
=007  cr||||||||||||
=008  141030t19801980xx\adf\\obm\\\000\0\eng\d
=040  \\$aUAB$beng$erda$cUAB
=050  \4$aBF295$b.F73 1980
=090  \\$aInternet Access$bAEU
=100  1\$aFranks, Ian M.,$eauthor.
=245  10$aLearning and organization :$bsome tracking studies /$cby Ian Michael Franks.
=264  \1$c[1980]
=264  \4$c1980
=300  \\$a1 online resource (ix, 158 pages) :$billustrations
=336  \\$atext$btxt$2rdacontent
=337  \\$acomputer$bc$2rdamedia
=338  \\$aonline resource$bcr$2rdacarrier
=500  \\$a"A thesis submitted to the Faculty of Graduate Studies and Research in partial fulfilment of the requirements for the degree of Doctor of Philosophy, Department Physical Education."
=502  \\$bPh. D.$cUniversity of Alberta$d1980.
=504  \\$aIncludes bibliographical references (pages 135-139).
=650  \0$aTracking (Psychology)
=650  \0$aMovement sequences.
=650  \0$aMotor learning.
=710  2\$aUniversity of Alberta.$bDepartment of Physical Education.
=900  \\$aNK48945
=949  \\$zUAIN$zETHESIS

