=LDR  01227ntm a22003131i 4500
=001  uab09282672
=003  UAB
=005  20141030135430.0
=006  m|||||o||d||||||||
=007  cr||||||||||||
=008  141030t19801980xx\adf\\obm\\\000\0\eng\d
=040  \\$aUAB$beng$erda$cUAB
=050  \4$aBF316.6$b.K38 1980
=090  \\$aInternet Access$bAEU
=100  1\$aKatzko, Michael W.,$d1949-$eauthor.
=245  10$aAspects of cognitive representation :$bexamination of the 'mental rotation' paradigm /$cby Michael William Katzko.
=264  \1$c[1980]
=264  \4$c1980
=300  \\$a1 online resource (x, 71 pages) :$billustrations
=336  \\$atext$btxt$2rdacontent
=337  \\$acomputer$bc$2rdamedia
=338  \\$aonline resource$bcr$2rdacarrier
=500  \\$a"A thesis submitted to the Faculty of Graduate Studies and Research in partial fulfilment of the requirements for the degree of Doctor of Philosophy, Department of Psychology."
=502  \\$bPh. D.$cUniversity of Alberta$d1980.
=504  \\$aIncludes bibliographical references (pages [63]-[68], 3rd count).
=650  \0$aMental representation.
=650  \0$aMental rotation.
=710  2\$aUniversity of Alberta.$bDepartment of Psychology.
=900  \\$aNK48991
=949  \\$zUAIN$zETHESIS

