=LDR  01223ntm a22003131i 4500
=001  uab09282684
=003  UAB
=005  20141030140211.0
=006  m|||||o||d||||||||
=007  cr||||||||||||
=008  141030t19801980xx\df\\\obm\\\000\0\eng\d
=040  \\$aUAB$beng$erda$cUAB
=050  \4$aSF396.5$b.K46 1980
=090  \\$aInternet Access$bAEU
=100  1\$aKennelly, John Joseph,$eauthor.
=245  14$aThe nutritional implications of dietary fiber for swine /$cby John Joseph Kennelly.
=264  \1$c[1980]
=264  \4$c1980
=300  \\$a1 online resource (xii, 163 pages) :$billustrations
=336  \\$atext$btxt$2rdacontent
=337  \\$acomputer$bc$2rdamedia
=338  \\$aonline resource$bcr$2rdacarrier
=500  \\$a"A thesis submitted to the Faculty of Graduate Studies and Research in partial fulfilment of the requirements for the degree of Doctor of Philosophy in Animal Nutrition, Department of Animal Science."
=502  \\$bPh. D.$cUniversity of Alberta$d1980.
=504  \\$aIncludes bibliographical references (pages 154-156).
=650  \0$aSwine$xFeeding and feeds.
=650  \0$aFiber in animal nutrition.
=710  2\$aUniversity of Alberta.$bDepartment of Animal Science.
=900  \\$aNK48997
=949  \\$zUAIN$zETHESIS

