=LDR  01252ntm a22003251i 4500
=001  uab09282696
=003  UAB
=005  20141030142211.0
=006  m|||||o||d||||||||
=007  cr||||||||||||
=008  141030t19801980xx\adf\\obm\\\000\0\eng\d
=040  \\$aUAB$beng$erda$cUAB
=050  \4$aRM727.I76$bM34 1980
=090  \\$aInternet Access$bAEU
=100  1\$aMagee, David J.,$eauthor.
=245  14$aThe effect of isokinetic exercise on human heart rate and blood pressure /$cby David J. Magee.
=264  \1$c[1980]
=264  \4$c1980
=300  \\$a1 online resource (xv, 279 pages) :$billustrations
=336  \\$atext$btxt$2rdacontent
=337  \\$acomputer$bc$2rdamedia
=338  \\$aonline resource$bcr$2rdacarrier
=500  \\$a"A thesis submitted to the Faculty of Graduate Studies and Research in partial fulfillment of the requirements for the degree of Doctor of Philosophy, Department of Physical Education."
=502  \\$bPh. D.$cUniversity of Alberta$d1980.
=504  \\$aIncludes bibliographical references (pages 155-173).
=650  \0$aIsokinetic exercise$xPhysiological aspects.
=650  \0$aHeart beat.
=650  \0$aBlood pressure.
=710  2\$aUniversity of Alberta.$bDepartment of Physical Education.
=900  \\$aNK49028
=949  \\$zUAIN$zETHESIS

