=LDR  01376ntm a22003491i 4500
=001  uab09282705
=003  UAB
=005  20141030143217.0
=006  m|||||o||d||||||||
=007  cr||||||||||||
=008  141030t19801980xx\adf\\obm\\\000\0\eng\d
=040  \\$aUAB$beng$erda$cUAB
=050  \4$aSF95$b.N53 1980
=090  \\$aInternet Access$bAEU
=100  1\$aNicol, A. M.$q(Alastair Moffat),$eauthor.
=245  10$aStudies on the heat of warming food in ruminants /$cby A.M. Nicol.
=264  \1$c[1980]
=264  \4$c1980
=300  \\$a1 online resource (xx, 1-167, 167a, 168-218 pages) :$billustrations
=336  \\$atext$btxt$2rdacontent
=337  \\$acomputer$bc$2rdamedia
=338  \\$aonline resource$bcr$2rdacarrier
=500  \\$a"A thesis submitted to the Faculty of Graduate Studies and Research in partial fulfilment of the requirements for the degree of Doctor of Philosophy in Animal Physiology, Department of Animal Science."
=502  \\$bPh. D.$cUniversity of Alberta$d1980.
=504  \\$aIncludes bibliographical references (pages 185-195).
=650  \0$aRuminants$xFeeding and feeds$xEffect of temperature on.
=650  \0$aRuminants$xProductivity$xEffect of temperature on.
=650  \0$aDigestion.
=650  \0$aAnimal heat.
=650  \0$aHeat$xTransmission.
=710  2\$aUniversity of Alberta.$bDepartment of Animal Science.
=900  \\$aNK49049
=949  \\$zUAIN$zETHESIS

