=LDR  01289ntm a22003371i 4500
=001  uab09282860
=003  UAB
=005  20141030161528.0
=006  m|||||o||d||||||||
=007  cr||||||||||||
=008  141030t19801980xx\df\\\obm\\\000\0\eng\d
=040  \\$aUAB$beng$erda$cUAB
=050  \4$aSB207.R36$bP35 1980
=090  \\$aInternet Access$bAEU
=100  1\$aPaik, In Kee,$eauthor.
=245  10$aInfluence of hydrolysis of glucosinolates on the nutritive value of rapeseed meals /$cby In Kee Paik.
=264  \1$c[1980]
=264  \4$c1980
=300  \\$a1 online resource (xii, 114 pages) :$billustrations
=336  \\$atext$btxt$2rdacontent
=337  \\$acomputer$bc$2rdamedia
=338  \\$aonline resource$bcr$2rdacarrier
=500  \\$a"A thesis submitted to the Faculty of Graduate Studies and Research in partial fulfilment of the requirements for the degree of Doctor of Philosophy in Poultry Nutrition, Department of Animal Science."
=502  \\$bPh. D.$cUniversity of Alberta$d1980.
=504  \\$aIncludes bibliographical references (pages 93-108).
=650  \0$aRapeseed$xNutrition.
=650  \0$aGlucosinolates.
=650  \0$aHydrolysis.
=650  \0$aPoultry$xFeeding and feeds.
=710  2\$aUniversity of Alberta.$bDepartment of Animal Science.
=900  \\$aNK49063
=949  \\$zUAIN$zETHESIS

