=LDR  01217ntm a22003371i 4500
=001  uab09282865
=003  UAB
=005  20141030162714.0
=006  m|||||o||d||||||||
=007  cr||||||||||||
=008  141030t19801980xx\adf\\obm\\\000\0\eng\d
=040  \\$aUAB$beng$erda$cUAB
=050  \4$aQP603.C3$bP35 1980
=090  \\$aInternet Access$bAEU
=100  1\$aPalcic, Monica Marija,$eauthor.
=245  10$aCyanide binding and compound I formation of human erythrocyte catalase /$cby Monica Marija Palcic.
=264  \1$c[1980]
=264  \4$c1980
=300  \\$a1 online resource (xiii, 105 pages) :$billustrations
=336  \\$atext$btxt$2rdacontent
=337  \\$acomputer$bc$2rdamedia
=338  \\$aonline resource$bcr$2rdacarrier
=500  \\$a"A thesis submitted to the Faculty of Graduate Studies and Research in partial fulfilment of the requirements for the degree of Doctor of Philosophy, Department of Chemistry."
=502  \\$bPh. D.$cUniversity of Alberta$d1980.
=504  \\$aIncludes bibliographical references.
=650  \0$aCatalase.
=650  \0$aErythrocytes.
=650  \0$aCyanides.
=650  \0$aPeroxides.
=710  2\$aUniversity of Alberta.$bDepartment of Chemistry.
=900  \\$aNK49065
=949  \\$zUAIN$zETHESIS

