=LDR  01326ntm a22003251i 4500
=001  uab09282882
=003  UAB
=005  20141030164849.0
=006  m|||||o||d||||||||
=007  cr||||||||||||
=008  141030t19801980xx\adf\\obm\\\000\0\eng\d
=040  \\$aUAB$beng$erda$cUAB
=050  \4$aSF396.5$b.P45 1980
=090  \\$aInternet Access$bAEU
=100  1\$aPhillips, P. A.,$eauthor.
=245  10$aModelling protein and fat gains in growing pigs exposed to low environmental temperature /$cby P.A. Phillips.
=264  \1$c[1980]
=264  \4$c1980
=300  \\$a1 online resource (xii, 136 pages) :$billustrations
=336  \\$atext$btxt$2rdacontent
=337  \\$acomputer$bc$2rdamedia
=338  \\$aonline resource$bcr$2rdacarrier
=500  \\$a"A thesis submitted to the Faculty of Graduate Studies and Research in partial fulfilment of the requirements for the degree of Doctor of Philosophy in Animal Growth and Development, Department of Animal Science."
=502  \\$bPh. D.$cUniversity of Alberta$d1980.
=504  \\$aIncludes bibliographical references (pages 92-96).
=650  \0$aSwine$xFeeding and feeds$xEffect of cold on.
=650  \0$aSwine$xWeight$xEffect of cold on.
=650  \0$aProteins in animal nutrition.
=710  2\$aUniversity of Alberta.$bDepartment of Animal Science.
=900  \\$aNK49074
=949  \\$zUAIN$zETHESIS

