=LDR  01349ntm a22003251i 4500
=001  uab09282917
=003  UAB
=005  20141030171539.0
=006  m|||||o||d||||||||
=007  cr||||||||||||
=008  141030t19801980xx\df\\\obm\\\000\0\eng\d
=040  \\$aUAB$beng$erda$cUAB
=050  \4$aQP310.C66$bR43 1980
=090  \\$aInternet Access$bAEU
=100  1\$aReady, Allison Elizabeth,$d1953-$eauthor.
=245  10$aAdaptations to endurance training and detraining :$bchanges in systemic and local muscle parameters and in serum lipids and lipoproteins /$cby Allison Elizabeth Ready.
=264  \1$c[1980]
=264  \4$c1980
=300  \\$a1 online resource (x, 178 pages) :$billustrations
=336  \\$atext$btxt$2rdacontent
=337  \\$acomputer$bc$2rdamedia
=338  \\$aonline resource$bcr$2rdacarrier
=500  \\$a"A thesis submitted to the Faculty of Graduate Studies and Research in partial fulfillment of the requirements for the degree of Doctor of Philosophy, Faculty of Physical Education."
=502  \\$bPh. D.$cUniversity of Alberta$d1980.
=504  \\$aIncludes bibliographical references (pages 84-97).
=650  \0$aContinuous training (Exercise)$xPhysiological aspects.
=650  \0$aBlood lipids.
=650  \0$aBlood lipoproteins.
=710  2\$aUniversity of Alberta.$bFaculty of Physical Education.
=900  \\$aNK49082
=949  \\$zUAIN$zETHESIS

