=LDR  01221ntm a22003131i 4500
=001  uab09282958
=003  UAB
=005  20141030180423.0
=006  m|||||o||d||||||||
=007  cr||||||||||||
=008  141030t19801980xx\adf\\obm\\\000\0\eng\d
=040  \\$aUAB$beng$erda$cUAB
=050  \4$aQR185.8.L93$bS53 1980
=090  \\$aInternet Access$bAEU
=100  1\$aShaw, Jennifer,$eauthor.
=245  10$aCostimulator :$bcellular origins, physical properties and effects on immune responses in vitro /$cby Jennifer Shaw.
=264  \1$c[1980]
=264  \4$c1980
=300  \\$a1 online resource (xxii, 269 pages) :$billustrations
=336  \\$atext$btxt$2rdacontent
=337  \\$acomputer$bc$2rdamedia
=338  \\$aonline resource$bcr$2rdacarrier
=500  \\$a"A thesis submitted to the Faculty of Graduate Studies and Research in partial fulfilment of the requirements for the degree of Doctor of Philosophy in Biochemistry, Department of Biochemistry."
=502  \\$bPh. D.$cUniversity of Alberta$d1980.
=504  \\$aIncludes bibliographical references (pages 237-269).
=650  \0$aLymphokines.
=650  \0$aImmune response.
=710  2\$aUniversity of Alberta.$bDepartment of Biochemistry.
=900  \\$aNK49104
=949  \\$zUAIN$zETHESIS

