=LDR  01280ntm a22003371i 4500
=001  uab09282967
=003  UAB
=005  20141030181053.0
=006  m|||||o||d||||||||
=007  cr||||||||||||
=008  141030t19801980xx\adf\\obm\\\000\0\eng\d
=040  \\$aUAB$beng$erda$cUAB
=050  \4$aRC269.5$b.S54 1980
=090  \\$aInternet Access$bAEU
=100  1\$aShearman, Peter J.,$eauthor.
=245  12$aA cell surface antigen functionally associated with the metastasis of cancer /$cby Peter J. Shearman.
=264  \1$c[1980]
=264  \4$c1980
=300  \\$a1 online resource (xi, 114 pages) :$billustrations
=336  \\$atext$btxt$2rdacontent
=337  \\$acomputer$bc$2rdamedia
=338  \\$aonline resource$bcr$2rdacarrier
=500  \\$a"A thesis submitted to the Faculty of Graduate Studies and Research in partial fulfilment of the requirements for the degree of Doctor of Philosophy, Department of Immunology."
=502  \\$bPh. D.$cUniversity of Alberta$d1980.
=504  \\$aIncludes bibliographical references (pages 96-114).
=590  \\$aLibrary copy imperfect: pages v-xi, and page 1 faded.
=650  \0$aMetastasis.
=650  \0$aAntigens.
=650  \0$aMarek's disease.
=710  2\$aUniversity of Alberta.$bDepartment of Immunology.
=900  \\$aNK49105
=949  \\$zUAIN$zETHESIS

