=LDR  01182ntm a22003131i 4500
=001  uab09283183
=003  UAB
=005  20141031093123.0
=006  m|||||o||d||||||||
=007  cr||||||||||||
=008  141031t19801980xx\df\\\obm\\\000\0\eng\d
=040  \\$aUAB$beng$erda$cUAB
=050  \4$aRC455.4.S43$bT36 1980
=090  \\$aInternet Access$bAEU
=100  1\$aTam, Chung-Ngok Isaac,$eauthor.
=245  10$aLearned helplessness and reactive depression /$cby Chung-Ngok Isaac Tam.
=264  \1$c[1980]
=264  \4$c1980
=300  \\$a1 online resource (xvi, 264 pages) :$billustrations
=336  \\$atext$btxt$2rdacontent
=337  \\$acomputer$bc$2rdamedia
=338  \\$aonline resource$bcr$2rdacarrier
=500  \\$a"A thesis submitted to the Faculty of Graduate Studies and Research in partial fulfilment of the requirements for the degree of Doctor of Philosophy, Department of Psychology."
=502  \\$bPh. D.$cUniversity of Alberta$d1980.
=504  \\$aIncludes bibliographical references (pages 209-219).
=650  \0$aHelplessness (Psychology)
=650  \0$aAdjustment disorders.
=710  2\$aUniversity of Alberta.$bDepartment of Psychology.
=900  \\$aNK49121
=949  \\$zUAIN$zETHESIS

