=LDR  01302ntm a22003251i 4500
=001  uab09283195
=003  UAB
=005  20141031095949.0
=006  m|||||o||d||||||||
=007  cr||||||||||||
=008  141031t19811981xx\adf\\obm\\\000\0\eng\d
=040  \\$aUAB$beng$erda$cUAB
=050  \4$aQC793.5.P728$bA58 1981
=090  \\$aInternet Access$bAEU
=100  1\$aAntonuk, Larry Edward,$d1953-$eauthor.
=245  10$aQuasi-elastic scattering of polarized protons from calcium-40 at 200 MeV /$cby Larry Edward Antonuk.
=264  \1$c[1981]
=264  \4$c1981
=300  \\$a1 online resource (xvii, 170 pages) :$billustrations
=336  \\$atext$btxt$2rdacontent
=337  \\$acomputer$bc$2rdamedia
=338  \\$aonline resource$bcr$2rdacarrier
=500  \\$a"A thesis submitted to the Faculty of Graduate Studies and Research in partial fulfilment of the requirements for the degree of Doctor of Philosophy in Nuclear Physics, Department of Physics."
=502  \\$bPh. D.$cUniversity of Alberta$d1981.
=504  \\$aIncludes bibliographical references (pages 145-149).
=590  \\$aLibrary copy imperfect: page vi scanned out of order.
=650  \0$aProtons$xElastic scattering.
=650  \0$aCalcium$xIsotopes.
=710  2\$aUniversity of Alberta.$bDepartment of Physics.
=900  \\$aNK51429
=949  \\$zUAIN$zETHESIS

