=LDR  01285ntm a22003371i 4500
=001  uab09283222
=003  UAB
=005  20141031110248.0
=006  m|||||o||d||||||||
=007  cr||||||||||||
=008  141031t19811981xx\adf\\obm\\\000\0\eng\d
=040  \\$aUAB$beng$erda$cUAB
=050  \4$aQC793.5.M42$bC66 1981
=090  \\$aInternet Access$bAEU
=100  1\$aCooper, Edward David,$eauthor.
=245  10$aDirac phenomenology and its application to proton induced pion production reactions /$cby Edward David Cooper.
=264  \1$c[1981]
=264  \4$c1981
=300  \\$a1 online resource (xvi, 180 pages) :$billustrations
=336  \\$atext$btxt$2rdacontent
=337  \\$acomputer$bc$2rdamedia
=338  \\$aonline resource$bcr$2rdacarrier
=500  \\$a"A thesis submitted to the Faculty of Graduate Studies and Research in partial fulfilment of the requirements for the degree of Doctor of Philosophy in Nuclear Physics, Department of Physics."
=502  \\$bPh. D.$cUniversity of Alberta$d1981.
=504  \\$aIncludes bibliographical references (pages 131-137).
=650  \0$aPion production.
=650  \0$aPion-nucleon interactions.
=650  \0$aProtons.
=650  \0$aDirac equation.
=710  2\$aUniversity of Alberta.$bDepartment of Physics.
=900  \\$aNK51454
=949  \\$zUAIN$zETHESIS

