=LDR  01366ntm a22003731i 4500
=001  uab09283533
=003  UAB
=005  20141031163952.0
=006  m|||||o||d||||||||
=007  cr||||||||||||
=008  141031t19811981xx\abdf\obm\\\000\0\eng\d
=040  \\$aUAB$beng$erda$cUAB
=043  \\$as-pe---$asn-----$as------
=050  \4$aQB296.P4$bM37 1981
=090  \\$aInternet Access$bAEU
=100  1\$aMargrave, Gary Frank,$eauthor.
=245  10$aMicrogeodesy and South American tectonics /$cby Gary Frank Margrave.
=264  \1$c[1981]
=264  \4$c1981
=300  \\$a1 online resource (xxv, 291 pages) :$billustrations, maps
=336  \\$atext$btxt$2rdacontent
=337  \\$acomputer$bc$2rdamedia
=338  \\$aonline resource$bcr$2rdacarrier
=500  \\$a"A thesis submitted to the Faculty of Graduate Studies and Research in partial fulfilment of the requirements for the degree of Doctor of Philosophy in Geophysics, Physics."
=502  \\$bPh. D.$cUniversity of Alberta$d1981.
=504  \\$aIncludes bibliographical references (pages 247-266).
=650  \0$aGeodesy$zPeru.
=650  \0$aGeodesy$zAndes.
=650  \0$aGeodesy$zSouth America.
=650  \0$aPlate tectonics$zPeru.
=650  \0$aPlate tectonics$zAndes.
=650  \0$aPlate tectonics$zSouth America.
=710  2\$aUniversity of Alberta.$bDepartment of Physics.
=900  \\$aNK51546
=949  \\$zUAIN$zETHESIS

