=LDR  01220ntm a22003371i 4500
=001  uab09283562
=003  UAB
=005  20141031172105.0
=006  m|||||o||d||||||||
=007  cr||||||||||||
=008  141031t19811981xx\af\\\obm\\\000\0\eng\d
=040  \\$aUAB$beng$erda$cUAB
=050  \4$aSF971$b.N35 1981
=090  \\$aInternet Access$bAEU
=100  1\$aNakano, Takuo,$eauthor.
=245  10$aJoint abnormality and leg weakness in swine /$cby Takuo Nakano.
=264  \1$c[1981]
=264  \4$c1981
=300  \\$a1 online resource (xi, 157 pages) :$billustrations
=336  \\$atext$btxt$2rdacontent
=337  \\$acomputer$bc$2rdamedia
=338  \\$aonline resource$bcr$2rdacarrier
=500  \\$a"A thesis submitted to the Faculty of Graduate Studies and Research in partial fulfilment of the requirements for the degree of Doctor of Philosophy in Animal Nutrition, Department of Animal Science."
=502  \\$bPh. D.$cUniversity of Alberta$d1981.
=504  \\$aIncludes bibliographical references.
=650  \0$aSwine$xDiseases.
=650  \0$aCartilage.
=650  \0$aJoints$xDiseases.
=650  \0$aLameness in swine.
=710  2\$aUniversity of Alberta.$bDepartment of Animal Science.
=900  \\$aNK51555
=949  \\$zUAIN$zETHESIS

