=LDR  01350ntm a22003371i 4500
=001  uab09283670
=003  UAB
=005  20141101094143.0
=006  m|||||o||d||||||||
=007  cr||||||||||||
=008  141101t19811981xx\abdf\obm\\\000\0\eng\d
=040  \\$aUAB$beng$erda$cUAB
=043  \\$an-cn-ab
=050  \4$aQE697$b.N69 1981
=090  \\$aInternet Access$bAEU
=100  1\$a Lars,$eauthor.
=245  10$aApplication of the liquid limit parameter to subsurface till correlation in the vicinity of the city of Calgary /$cby Robert Lars Nowak.
=264  \1$c[1981]
=264  \4$c1981
=300  \\$a1 online resource (xvi, 306, 12, 12, 12, 12 pages) :$billustrations, maps
=336  \\$atext$btxt$2rdacontent
=337  \\$acomputer$bc$2rdamedia
=338  \\$aonline resource$bcr$2rdacarrier
=500  \\$a"A thesis submitted to the Faculty of Graduate Studies and Research in partial fulfillment of the requirements for the degree of Doctor of Philosophy in Geology, Department of Geology."
=502  \\$bPh. D.$cUniversity of Alberta$d1981.
=504  \\$aIncludes bibliographical references (pages 151-155).
=650  \0$aGeology, Stratigraphic$yPleistocene.
=650  \0$aDrift$zAlberta$zCalgary.
=650  \0$aGlaciology$zAlberta$zCalgary.
=710  2\$aUniversity of Alberta.$bDepartment of Geology.
=900  \\$aNK51558
=949  \\$zUAIN$zETHESIS

