=LDR  01261ntm a22003491i 4500
=001  uab09283672
=003  UAB
=005  20141101102634.0
=006  m|||||o||d||||||||
=007  cr||||||||||||
=008  141101t19811981xx\adf\\obm\\\000\0\eng\d
=040  \\$aUAB$beng$erda$cUAB
=050  \4$aQP562.T9$bR35 1981
=090  \\$aInternet Access$bAEU
=100  1\$aRalston, Isobel Margaret,$eauthor.
=245  10$aCatalysis of tyrosine oxidation and iodination by horseradish peroxidase /$cby Isobel Margaret Ralston.
=264  \1$c[1981]
=264  \4$c1981
=300  \\$a1 online resource (xiv, 133 pages) :$billustrations
=336  \\$atext$btxt$2rdacontent
=337  \\$acomputer$bc$2rdamedia
=338  \\$aonline resource$bcr$2rdacarrier
=500  \\$a"A thesis submitted to the Faculty of Graduate Studies and Research in partial fulfilment of the requirements for the degree of Doctor of Philosophy, Department of Chemistry."
=502  \\$bPh. D.$cUniversity of Alberta$d1981.
=504  \\$aIncludes bibliographical references.
=650  \0$aTyrosine$xOxidation.
=650  \0$aIodine.
=650  \0$aPeroxidase.
=650  \0$aHorse-radish.
=650  \0$aCatalysis.
=710  2\$aUniversity of Alberta.$bDepartment of Chemistry.
=900  \\$aNK51567
=949  \\$zUAIN$zETHESIS

