=LDR  01164ntm a22003131i 4500
=001  uab09283687
=003  UAB
=005  20141101121112.0
=006  m|||||o||d||||||||
=007  cr||||||||||||
=008  141101t19811981xx\\\\\\obm\\\000\0\eng\d
=040  \\$aUAB$beng$erda$cUAB
=043  \\$an-cn---
=050  \4$aHV6807$b.S23 1981
=090  \\$aInternet Access$bAEU
=100  1\$aSacco, Vincent,$eauthor.
=245  10$aPublic perceptions of crime :$ba theoretical and empirical examination /$cby Vincent F. Sacco.
=264  \1$c[1981]
=264  \4$c1981
=300  \\$a1 online resource (xv, 299 pages)
=336  \\$atext$btxt$2rdacontent
=337  \\$acomputer$bc$2rdamedia
=338  \\$aonline resource$bcr$2rdacarrier
=500  \\$a"A thesis submitted to the Faculty of Graduate Studies and Research in partial fulfilment of the requirements for the degree of Doctor of Philosophy, Department of Sociology."
=502  \\$bPh. D.$cUniversity of Alberta$d1981.
=504  \\$aIncludes bibliographical references (pages 249-270).
=650  \0$aCrime$zCanada$xPublic opinion.
=710  2\$aUniversity of Alberta.$bDepartment of Sociology.
=900  \\$aNK51579
=949  \\$zUAIN$zETHESIS

