=LDR  01158ntm a22003131i 4500
=001  uab09283695
=003  UAB
=005  20141101124014.0
=006  m|||||o||d||||||||
=007  cr||||||||||||
=008  141101t19811981xx\\\\\\obm\\\000\0\eng\d
=040  \\$aUAB$beng$erda$cUAB
=050  \4$aQC174.45$b.S46 1981
=090  \\$aInternet Access$bAEU
=100  1\$aSemenoff, G. W.,$eauthor.
=245  10$aExtended structures in quantum field theory /$cby Gordon Semenoff.
=264  \1$c[1981]
=264  \4$c1981
=300  \\$a1 online resource (vii, 108 pages)
=336  \\$atext$btxt$2rdacontent
=337  \\$acomputer$bc$2rdamedia
=338  \\$aonline resource$bcr$2rdacarrier
=500  \\$a"A thesis submitted to the Faculty of Graduate Studies and Research in partial fulfilment of the requirements for the degree of Doctor of Philosophy in Theoretical Physics, Department of Physics."
=502  \\$bPh. D.$cUniversity of Alberta$d1981.
=504  \\$aIncludes bibliographical references (pages 98-102).
=650  \0$aQuantum field theory.
=650  \0$aQuantum systems.
=710  2\$aUniversity of Alberta.$bDepartment of Physics.
=900  \\$aNK51584
=949  \\$zUAIN$zETHESIS

