=LDR  01154ntm a22003011i 4500
=001  uab09283697
=003  UAB
=005  20141101125157.0
=006  m|||||o||d||||||||
=007  cr||||||||||||
=008  141101t19811981xx\adf\\obm\\\000\0\eng\d
=040  \\$aUAB$beng$erda$cUAB
=050  \4$aQD412.R4$bS94 1981
=090  \\$aInternet Access$bAEU
=100  1\$aSweet, James Ronald,$eauthor.
=245  10$aChemistry of the carbonyl([eta]-cyclopentadienyl)nitrosylrhenium /$cby James Ronald Sweet.
=264  \1$c[1981]
=264  \4$c1981
=300  \\$a1 online resource (xiv, 250 pages) :$billustrations
=336  \\$atext$btxt$2rdacontent
=337  \\$acomputer$bc$2rdamedia
=338  \\$aonline resource$bcr$2rdacarrier
=500  \\$a"A thesis submitted to the Faculty of Graduate Studies and Research in partial fulfilment of the requirements for the degree of Doctor of Philosophy, Department of Chemistry."
=502  \\$bPh. D.$cUniversity of Alberta$d1981.
=504  \\$aIncludes bibliographical references (pages 236-250).
=650  \0$aOrganorhenium compounds.
=710  2\$aUniversity of Alberta.$bDepartment of Chemistry.
=900  \\$aNK51591
=949  \\$zUAIN$zETHESIS

