=LDR  01226ntm a22003491i 4500
=001  uab09283701
=003  UAB
=005  20141101130807.0
=006  m|||||o||d||||||||
=007  cr||||||||||||
=008  141101t19811981xx\adf\\obm\\\000\0\eng\d
=040  \\$aUAB$beng$erda$cUAB
=050  \4$aQP552.P4$bT35 1981
=090  \\$aInternet Access$bAEU
=100  1\$aTalbot, James Alexander,$eauthor.
=245  14$aThe actomyosin ATPase inhibitory region of troponin I :$bsynthetic studies on the relationship of primary structure to biological function /$cJames Alexander Talbot.
=264  \1$c[1981]
=264  \4$c1981
=300  \\$a1 online resource (xix, 124 pages) :$billustrations
=336  \\$atext$btxt$2rdacontent
=337  \\$acomputer$bc$2rdamedia
=338  \\$aonline resource$bcr$2rdacarrier
=500  \\$aTitle from page [ii].
=502  \\$bPh. D.$cUniversity of Alberta$d1981.
=504  \\$aIncludes bibliographical references (pages 119-124).
=590  \\$aLibrary copy imperfect: title page wanting.
=650  \0$aTroponin I$xAntagonists.
=650  \0$aActomyosin.
=650  \0$aAdenosine triphosphatase.
=710  2\$aUniversity of Alberta.
=900  \\$aNK51593
=949  \\$zUAIN$zETHESIS
=987  \\$dDepartment not identified.

