=LDR  01243ntm a22003251i 4500
=001  uab09283754
=003  UAB
=005  20141101142834.0
=006  m|||||o||d||||||||
=007  cr||||||||||||
=008  141101t19811981xx\adf\\obm\\\000\0\eng\d
=040  \\$aUAB$beng$erda$cUAB
=050  \4$aQD181.C1$bC46 1981
=090  \\$aInternet Access$bAEU
=100  1\$aChoi, John H. K.,$eauthor.
=245  10$aReactions of CCl(X[superscript 2][pi]) with alkynes, silanes, cyclic and heterocyclic compounds /$cby John H.K. Choi.
=264  \1$c[1981]
=264  \4$c1981
=300  \\$a1 online resource (xvi, 249 pages) :$billustrations
=336  \\$atext$btxt$2rdacontent
=337  \\$acomputer$bc$2rdamedia
=338  \\$aonline resource$bcr$2rdacarrier
=500  \\$a"A thesis submitted to the Faculty of Graduate Studies and Research in partial fulfilment of the requirements for the degree of Doctor of Philosophy, Department of Chemistry."
=502  \\$bPh. D.$cUniversity of Alberta$d1981.
=504  \\$aIncludes bibliographical references (pages 229-239).
=650  \0$aCarbon compounds.
=650  \0$aChlorine compounds.
=650  \0$aChemical reactions.
=710  2\$aUniversity of Alberta.$bDepartment of Chemistry.
=900  \\$aNK53882
=949  \\$zUAIN$zETHESIS

