=LDR  01157ntm a22003011i 4500
=001  uab09283776
=003  UAB
=005  20141101153944.0
=006  m|||||o||d||||||||
=007  cr||||||||||||
=008  141101t19811981xx\\\\\\obm\\\000\0deng\d
=040  \\$aUAB$beng$erda$cUAB
=050  \4$aPR4838.A75$bE78 1981
=090  \\$aInternet Access$bAEU
=100  1\$aEruvbetine, Agwonorobo Enaeme,$eauthor.
=245  14$aThe Keatsian conception of art /$ca re-interpretation by Agwonorobo Enaeme Eruvbetine.
=264  \1$c[1981]
=264  \4$c1981
=300  \\$a1 online resource (vii, 399 pages)
=336  \\$atext$btxt$2rdacontent
=337  \\$acomputer$bc$2rdamedia
=338  \\$aonline resource$bcr$2rdacarrier
=500  \\$a"A thesis submitted to the Faculty of Graduate Studies and Research in partial fulfilment of the requirements for the degree of Doctor of Philosophy, Department of English."
=502  \\$bPh. D.$cUniversity of Alberta$d1981.
=504  \\$aIncludes bibliographical references (pages 384-399).
=600  10$aKeats, John,$d1795-1821$xKnowledge$xArt.
=710  2\$aUniversity of Alberta.$bDepartment of English.
=900  \\$aNK53905
=949  \\$zUAIN$zETHESIS

