=LDR  01396ntm a22003611i 4500
=001  uab09283782
=003  UAB
=005  20141101155753.0
=006  m|||||o||d||||||||
=007  cr||||||||||||
=008  141101t19811981xx\df\\\obm\\\000\0\eng\d
=040  \\$aUAB$beng$erda$cUAB
=050  \4$aQP517.B54$bG74 1981
=090  \\$aInternet Access$bAEU
=100  1\$aGregg, Valeta Anne,$eauthor.
=245  10$aMetabolic components of the maintenance energy expenditure of mammalian skeletal muscle /$cby Valeta Anne Gregg.
=264  \1$c[1981]
=264  \4$c1981
=300  \\$a1 online resource (xiii, 87 pages) :$billustrations
=336  \\$atext$btxt$2rdacontent
=337  \\$acomputer$bc$2rdamedia
=338  \\$aonline resource$bcr$2rdacarrier
=500  \\$a"A thesis submitted to the Faculty of Graduate Studies and Research in partial fulfilment of the requirements for the degree of Doctor of Philosophy in Animal Biochemistry, Department of Animal Science."
=502  \\$bPh. D.$cUniversity of Alberta$d1981.
=504  \\$aIncludes bibliographical references.
=590  \\$aLibrary copy imperfect: pages 86-87 out of order.
=650  \0$aBioenergetics.
=650  \0$aSodium/potassium ATPase.
=650  \0$aProteins$xSynthesis.
=650  \0$aSkeleton$xMuscles.
=650  \0$aMice$xPhysiology.
=710  2\$aUniversity of Alberta.$bDepartment of Animal Science.
=900  \\$aNK53927
=949  \\$zUAIN$zETHESIS

