=LDR  01236ntm a22003131i 4500
=001  uab09283888
=003  UAB
=005  20141103084931.0
=006  m|||||o||d||||||||
=007  cr||||||||||||
=008  141103t19801980xx\adf\\obm\\\000\0\eng\d
=040  \\$aUAB$beng$erda$cUAB
=050  \4$aQR186.5$b.H56 1980
=090  \\$aInternet Access$bAEU
=100  1\$aHindsgaul, Ole,$eauthor.
=245  10$aSynthetic and immunochemical studies related to the human H (Type 1 and Type 2) and Lewis-A antigenic determinants /$cby Ole Hindsgaul.
=264  \1$c[1980]
=264  \4$c1980
=300  \\$a1 online resource (xi, 217 pages) :$billustrations
=336  \\$atext$btxt$2rdacontent
=337  \\$acomputer$bc$2rdamedia
=338  \\$aonline resource$bcr$2rdacarrier
=500  \\$a"A thesis submitted to the Faculty of Graduate Studies and Research in partial fulfilment of the requirements for the degree of Doctor of Philosophy, Department of Chemistry."
=502  \\$bPh. D.$cUniversity of Alberta$d1980.
=504  \\$aIncludes bibliographical references (pages 182-190).
=650  \0$aAntigenic determinants$xSynthesis.
=650  \0$aImmunochemistry.
=710  2\$aUniversity of Alberta.$bDepartment of Chemistry.
=900  \\$aNK53939
=949  \\$zUAIN$zETHESIS

