=LDR  01256ntm a22003131i 4500
=001  uab09284091
=003  UAB
=005  20141103122049.0
=006  m|||||o||d||||||||
=007  cr||||||||||||
=008  141103t19811981xx\abf\\obm\\\000\0\eng\d
=040  \\$aUAB$beng$erda$cUAB
=050  \4$aQL638.C94$bK37 1981
=090  \\$aInternet Access$bAEU
=100  1\$aKarnasuta, Jaranthada,$eauthor.
=245  10$aRevision of the southeastern Asiatic cyprinid genus Osteochilus Gunther /$cby Jaranthada Karnasuta.
=264  \1$c[1981]
=264  \4$c1981
=300  \\$a1 online resource (xiii, 374 pages) :$billustrations, maps
=336  \\$atext$btxt$2rdacontent
=337  \\$acomputer$bc$2rdamedia
=338  \\$aonline resource$bcr$2rdacarrier
=500  \\$a"A thesis submitted to the Faculty of Graduate Studies and Research in partial fulfilment of the requirements for the degree of Doctor of Philosophy, Department of Zoology."
=502  \\$bPh. D.$cUniversity of Alberta$d1981.
=504  \\$aIncludes bibliographical references (pages 362-374).
=590  \\$aLibrary copy imperfect: pages viii-xi, 11-12, 92-95, 189-192 faded.
=650  \0$aCyprinidae$xClassification.
=710  2\$aUniversity of Alberta.$bDepartment of Zoology.
=900  \\$aNK53953
=949  \\$zUAIN$zETHESIS

