=LDR  01245ntm a22003131i 4500
=001  uab09284125
=003  UAB
=005  20141103130020.0
=006  m|||||o||d||||||||
=007  cr||||||||||||
=008  141103t19811981xx\adf\\obm\\\000\0\eng\d
=040  \\$aUAB$beng$erda$cUAB
=050  \4$aQL384.C8$bM53 1981
=090  \\$aInternet Access$bAEU
=100  1\$aMladenov, Philip V.,$eauthor.
=245  10$aDevelopment and reproductive biology of the feather star Florometra serratissima (Echinodermata, Crinoidea) /$cby Philip V. Mladenov.
=264  \1$c[1981]
=264  \4$c1981
=300  \\$a1 online resource (xvii, 209 pages) :$billustrations (1 folded)
=336  \\$atext$btxt$2rdacontent
=337  \\$acomputer$bc$2rdamedia
=338  \\$aonline resource$bcr$2rdacarrier
=500  \\$a"A thesis submitted to the Faculty of Graduate Studies and Research in partial fulfilment of the requirements for the degree of Doctor of Philosophy, Department of Zoology."
=502  \\$bPh. D.$cUniversity of Alberta$d1981.
=504  \\$aIncludes bibliographical references (pages 207-209).
=650  \0$aCrinoidea$xDevelopment.
=650  \0$aCrinoidea$xReproduction.
=710  2\$aUniversity of Alberta.$bDepartment of Zoology.
=900  \\$aNK53996
=949  \\$zUAIN$zETHESIS

