=LDR  01355ntm a22003491i 4500
=001  uab09284168
=003  UAB
=005  20141103143437.0
=006  m|||||o||d||||||||
=007  cr||||||||||||
=008  141103t19811981xx\adf\\obm\\\000\0\eng\d
=040  \\$aUAB$beng$erda$cUAB
=050  \4$aQD412.H6$bR45 1981
=090  \\$aInternet Access$bAEU
=100  1\$aReid, Robert Stephen,$eauthor.
=245  10$aNuclear magnetic resonance studies of the complexation chemistry of methylmercury (II) with sulfhydryl compounds in aqueous solutions and human erythrocytes /$cby Robert Stephen Reid.
=264  \1$c[1981]
=264  \4$c1981
=300  \\$a1 online resource (xxv, 335 pages) :$billustrations
=336  \\$atext$btxt$2rdacontent
=337  \\$acomputer$bc$2rdamedia
=338  \\$aonline resource$bcr$2rdacarrier
=500  \\$a"A thesis submitted to the Faculty of Graduate Studies and Research in partial fulfilment of the requirements for the degree of Doctor of Philosophy, Department of Chemistry."
=502  \\$bPh. D.$cUniversity of Alberta$d1981.
=504  \\$aIncludes bibliographical references.
=650  \0$aMethylmercury.
=650  \0$aComplex compounds.
=650  \0$aThiols.
=650  \0$aErythrocytes.
=650  \0$aNuclear magnetic resonance.
=710  2\$aUniversity of Alberta.$bDepartment of Chemistry.
=900  \\$aNK54020
=949  \\$zUAIN$zETHESIS

