=LDR  01202ntm a22003251i 4500
=001  uab09284180
=003  UAB
=005  20141103144514.0
=006  m|||||o||d||||||||
=007  cr||||||||||||
=008  141103t19811981xx\af\\\obm\\\000\0\eng\d
=040  \\$aUAB$beng$erda$cUAB
=050  \4$aQD271.35.E54$bR87 1981
=090  \\$aInternet Access$bAEU
=100  1\$aRussell, Charles G.,$eauthor.
=245  10$aSelenium based methodology in organic synthesis /$cby Charles G. Russell.
=264  \1$c[1981]
=264  \4$c1981
=300  \\$a1 online resource (ix, 173 pages) :$billustrations
=336  \\$atext$btxt$2rdacontent
=337  \\$acomputer$bc$2rdamedia
=338  \\$aonline resource$bcr$2rdacarrier
=500  \\$a"A thesis submitted to the Faculty of Graduate Studies and Research in partial fulfilment of the requirements for the degree of Doctor of Philosophy, Department of Chemistry."
=502  \\$bPh. D.$cUniversity of Alberta$d1981.
=504  \\$aIncludes bibliographical references (pages 156-173).
=650  \0$aElectrophiles.
=650  \0$aSelenium.
=650  \0$aOrganic compounds$xSynthesis.
=710  2\$aUniversity of Alberta.$bDepartment of Chemistry.
=900  \\$aNK54024
=949  \\$zUAIN$zETHESIS

