=LDR  01233ntm a22003251i 4500
=001  uab09284236
=003  UAB
=005  20141103151647.0
=006  m|||||o||d||||||||
=007  cr||||||||||||
=008  141103t19811981xx\df\\\obm\\\000\0\eng\d
=040  \\$aUAB$beng$erda$cUAB
=043  \\$an-cn---
=050  \4$aHD6055.2.C2$bS26 1981
=090  \\$aInternet Access$bAEU
=100  1\$aSangadasa, Agampodi,$eauthor.
=245  10$aMarried female labour force participation and fertility in Canada /$cby Agampodi Sangadasa.
=264  \1$c[1981]
=264  \4$c1981
=300  \\$a1 online resource (xi, 133 pages) :$billustrations
=336  \\$atext$btxt$2rdacontent
=337  \\$acomputer$bc$2rdamedia
=338  \\$aonline resource$bcr$2rdacarrier
=500  \\$a"A thesis submitted to the Faculty of Graduate Studies and Research in partial fulfilment of the requirements for the degree of Doctor of Philosophy, Department of Sociology."
=502  \\$bPh. D.$cUniversity of Alberta$d1981.
=504  \\$aIncludes bibliographical references (pages 123-133).
=650  \0$aMarried women$xEmployment$zCanada.
=650  \0$aFertility, Human$zCanada.
=710  2\$aUniversity of Alberta.$bDepartment of Sociology.
=900  \\$aNK54026
=949  \\$zUAIN$zETHESIS

