=LDR  01191ntm a22003131i 4500
=001  uab09284341
=003  UAB
=005  20141103154651.0
=006  m|||||o||d||||||||
=007  cr||||||||||||
=008  141103t19811981xx\df\\\obm\\\000\0\eng\d
=040  \\$aUAB$beng$erda$cUAB
=050  \4$aQP301$b.S65 1981
=090  \\$aInternet Access$bAEU
=100  1\$aSmith, David John,$eauthor.
=245  10$aPhysiological and performance components of endurance /$cby D.J. Smith.
=264  \1$c[1981]
=264  \4$c1981
=300  \\$a1 online resource (xii, 86 pages) :$billustrations
=336  \\$atext$btxt$2rdacontent
=337  \\$acomputer$bc$2rdamedia
=338  \\$aonline resource$bcr$2rdacarrier
=500  \\$a"A thesis submitted to the Faculty of Graduate Studies and Research in partial fulfilment of the requirements for the degree of Doctor of Philosophy, Department of Physical Education."
=502  \\$bPh. D.$cUniversity of Alberta$d1981.
=504  \\$aIncludes bibliographical references (pages 40-47).
=650  \0$aPhysical fitness$xPhysiological aspects.
=650  \0$aPerformance.
=710  2\$aUniversity of Alberta.$bDepartment of Physical Education.
=900  \\$aNK54036
=949  \\$zUAIN$zETHESIS

