=LDR  01212ntm a22003371i 4500
=001  uab09284607
=003  UAB
=005  20141104090029.0
=006  m|||||o||d||||||||
=007  cr||||||||||||
=008  141104t19811981xx\adf\\obm\\\000\0\eng\d
=040  \\$aUAB$beng$erda$cUAB
=050  \4$aQD181.S1$bV47 1981
=090  \\$aInternet Access$bAEU
=100  1\$aVerkoczy, Bela,$eauthor.
=245  10$aSulfur atom reactions with selected alkenes and alkynes /$cby Bela Verkoczy.
=264  \1$c[1981]
=264  \4$c1981
=300  \\$a1 online resource (xxi, 266 pages) :$billustrations
=336  \\$atext$btxt$2rdacontent
=337  \\$acomputer$bc$2rdamedia
=338  \\$aonline resource$bcr$2rdacarrier
=500  \\$a"A thesis submitted to the Faculty of Graduate Studies and Research in partial fulfilment of the requirements for the degree of Doctor of Philosophy, Department of Chemistry."
=502  \\$bPh. D.$cUniversity of Alberta$d1981.
=504  \\$aIncludes bibliographical references (pages 237-247).
=650  \0$aSulfur.
=650  \0$aChemical reactions.
=650  \0$aAlkenes.
=650  \0$aAlkynes.
=710  2\$aUniversity of Alberta.$bDepartment of Chemistry.
=900  \\$aNK54068
=949  \\$zUAIN$zETHESIS

