=LDR  01463ntm a22003371i 4500
=001  uab09284610
=003  UAB
=005  20141104090639.0
=006  m|||||o||d||||||||
=007  cr||||||||||||
=008  141104t19811981xx\af\\\obm\\\000\0\eng\d
=040  \\$aUAB$beng$erda$cUAB
=050  \4$aQP625.N88$bW55 1981
=090  \\$aInternet Access$bAEU
=100  1\$aWilson, John Scott,$eauthor.
=245  15$aA: A general procedure for the conversion of ribonucleosides to 2'-deoxynucleosides ;$bB: A facile method for determination of anomeric configuration /$cby John Scott Wilson.
=264  \1$c[1981]
=264  \4$c1981
=300  \\$a1 online resource (x, 146 pages) :$billustrations
=336  \\$atext$btxt$2rdacontent
=337  \\$acomputer$bc$2rdamedia
=338  \\$aonline resource$bcr$2rdacarrier
=500  \\$a"A thesis submitted to the Faculty of Graduate Studies and Research in partial fulfilment of the requirements for the degree of Doctor of Philosophy in Chemistry."
=502  \\$bPh. D.$cUniversity of Alberta$d1981.
=504  \\$aIncludes bibliographical references (pages 133-146).
=650  \0$aNucleosides$xSynthesis.
=650  \0$aIsomerism.
=700  12$aWilson, John Scott.$tGeneral procedure for the conversion of ribonucleosides to 2'-deoxynucleosides.
=700  12$aWilson, John Scott.$tFacile method for determination of anomeric configuration.
=710  2\$aUniversity of Alberta.$bDepartment of Chemistry.
=900  \\$aNK54081
=949  \\$zUAIN$zETHESIS

