=LDR  01245ntm a22003251i 4500
=001  uab09284619
=003  UAB
=005  20141104091928.0
=006  m|||||o||d||||||||
=007  cr||||||||||||
=008  141104t19811981xx\adf\\obm\\\000\0\eng\d
=040  \\$aUAB$beng$erda$cUAB
=050  \4$aQC176.8.T8$bK66 1981
=090  \\$aInternet Access$bAEU
=100  1\$aKonkin, Marilyn Kay,$eauthor.
=245  10$aAnnealing effects in tunnel junctions /$cby Marilyn Kay Konkin.
=264  \1$c[1981]
=264  \4$c1981
=300  \\$a1 online resource (xii, 1-205 pages, 2 unnumbered pages, 206-233 pages) :$billustrations
=336  \\$atext$btxt$2rdacontent
=337  \\$acomputer$bc$2rdamedia
=338  \\$aonline resource$bcr$2rdacarrier
=500  \\$a"A thesis submitted to the Faculty of Graduate Studies and Research in partial fulfilment of the requirements for the degree of Doctor of Philosophy in Physics, Department of Physics."
=502  \\$bPh. D.$cUniversity of Alberta$d1981.
=504  \\$aIncludes bibliographical references (pages 189-204).
=650  \0$aTunneling (Physics)
=650  \0$aAnnealing of metals.
=650  \0$aTunneling spectroscopy.
=710  2\$aUniversity of Alberta.$bDepartment of Physics.
=900  \\$aNK56909
=949  \\$zUAIN$zETHESIS

