=LDR  01328ntm a22003371i 4500
=001  uab09284627
=003  UAB
=005  20141104092910.0
=006  m|||||o||d||||||||
=007  cr||||||||||||
=008  141104t19811981xx\adf\\obm\\\000\0\eng\d
=040  \\$aUAB$beng$erda$cUAB
=050  \4$aQP336$b.B38 1981
=090  \\$aInternet Access$bAEU
=100  1\$aBauer, Anthony,$eauthor.
=245  12$aA kinematic and electromyographic analysis of the rugby punt using the preferred and non preferred foot /$cby Anthony Bauer.
=264  \1$c[1981]
=264  \4$c1981
=300  \\$a1 online resource (xii, 261 pages) :$billustrations
=336  \\$atext$btxt$2rdacontent
=337  \\$acomputer$bc$2rdamedia
=338  \\$aonline resource$bcr$2rdacarrier
=500  \\$a"A thesis submitted to the Faculty of Graduate Studies and Research in partial fulfillment of the requirements for the degree of Doctor of Philosophy, Department of Physical Education."
=502  \\$bPh. D.$cUniversity of Alberta$d1981.
=504  \\$aIncludes bibliographical references (pages 99-103).
=650  \0$aFoot$xMechanical properties.
=650  \0$aElectromyography.
=650  \0$aKicking (Football)$xPhysiological aspects.
=650  \0$aRugby football.
=710  2\$aUniversity of Alberta.$bDepartment of Physical Education.
=900  \\$aNK56912
=949  \\$zUAIN$zETHESIS

