=LDR  01349ntm a22003251i 4500
=001  uab09284701
=003  UAB
=005  20141104104100.0
=006  m|||||o||d||||||||
=007  cr||||||||||||
=008  141104t19821982xx\bdf\\obm\\\000\0\eng\d
=040  \\$aUAB$beng$erda$cUAB
=043  \\$an-cn---
=050  \4$aHD9114.C22$bW36 1982
=090  \\$aInternet Access$bAEU
=100  1\$aWangia, Caleb Waswa Waudo,$eauthor.
=245  13$aAn economic analysis of the performance of the sugar refining industry in Canada /$cby Caleb Waswa Waudo Wangia.
=264  \1$c[1982]
=264  \4$c1982
=300  \\$a1 online resource (xv, 233 pages) :$billustrations, map
=336  \\$atext$btxt$2rdacontent
=337  \\$acomputer$bc$2rdamedia
=338  \\$aonline resource$bcr$2rdacarrier
=500  \\$a"A thesis submitted to the Faculty of Graduate Studies and Research in partial fulfilment of the requirements for the degree of Doctor of Philosophy in Agricultural Economics, Rural Economy."
=502  \\$bPh. D.$cUniversity of Alberta$d1982.
=504  \\$aIncludes bibliographical references (pages 215-221).
=650  \0$aSugar trade$xEconomic aspects$zCanada$xHistory$y20th century.
=650  \0$aSugar$xManufacture and refining$zCanada$xHistory$y20th century.
=710  2\$aUniversity of Alberta.$bDepartment of Rural Economy.
=900  \\$aNK60400
=949  \\$zUAIN$zETHESIS

