=LDR  01300ntm a22003251i 4500
=001  uab09284729
=003  UAB
=005  20141104110142.0
=006  m|||||o||d||||||||
=007  cr||||||||||||
=008  141104t19821982xx\adf\\obm\\\000\0\eng\d
=040  \\$aUAB$beng$erda$cUAB
=050  \4$aQK625.M7$bV36 1982
=090  \\$aInternet Access$bAEU
=100  1\$aVan Altena, Ian Andrew,$eauthor.
=245  10$aMetabolites of two fungi :$bPenicillium brevi-compactum (Dierckx) and Gremmeniella abietina (Lagerb.) /$cby Ian Andrew van Altena.
=264  \1$c[1982]
=264  \4$c1982
=300  \\$a1 online resource (xvii, 156 pages) :$billustrations
=336  \\$atext$btxt$2rdacontent
=337  \\$acomputer$bc$2rdamedia
=338  \\$aonline resource$bcr$2rdacarrier
=500  \\$a"A thesis submitted to the Faculty of Graduate Studies and Research in partial fulfilment of the requirements for the degree of Doctor of Philosophy, Department of Chemistry."
=502  \\$bPh. D.$cUniversity of Alberta$d1982.
=504  \\$aIncludes bibliographical references (pages 149-156).
=650  \0$aPenicillium brevicompactum$xPhysiology.
=650  \0$aGremmeniella abietina$xPhysiology.
=650  \0$aFungal metabolites.
=710  2\$aUniversity of Alberta.$bDepartment of Chemistry.
=900  \\$aNK60422
=949  \\$zUAIN$zETHESIS

