=LDR  01168ntm a22003131i 4500
=001  uab09284784
=003  UAB
=005  20141104120142.0
=006  m|||||o||d||||||||
=007  cr||||||||||||
=008  141104t19821982xx\df\\\obm\\\000\0\eng\d
=040  \\$aUAB$beng$erda$cUAB
=050  \4$aHV5135$b.R38 1982
=090  \\$aInternet Access$bAEU
=100  1\$aRatcliffe, William D.,$eauthor.
=245  10$aDependent and non-dependent teenage drinking /$cby William David Ratcliffe.
=264  \1$c[1982]
=264  \4$c1982
=300  \\$a1 online resource (xvi, 127 pages) :$billustrations
=336  \\$atext$btxt$2rdacontent
=337  \\$acomputer$bc$2rdamedia
=338  \\$aonline resource$bcr$2rdacarrier
=500  \\$a"A thesis submitted to the Faculty of Graduate Studies and Research in partial fulfillment of the requirements for the degree of Doctor of Philosophy, Department of Psychology."
=502  \\$bPh. D.$cUniversity of Alberta$d1982.
=504  \\$aIncludes bibliographical references (pages 87-93).
=650  \0$aTeenagers$xAlcohol use.
=650  \0$aAlcoholism.
=710  2\$aUniversity of Alberta.$bDepartment of Psychology.
=900  \\$aNK60454
=949  \\$zUAIN$zETHESIS

