=LDR  01417ntm a22003611i 4500
=001  uab09267498
=003  UAB
=005  20140911130632.0
=006  m|||||o||d||||||||
=007  cr||||||||||||
=008  140911t19721972xx\abd\\obm\\\000\0\eng\d
=040  \\$aUAB$beng$erda$cUAB
=050  \4$aQC971$b.S83 1972
=090  \\$aInternet Access$bAEU
=100  1\$aSubbarao, Savithri,$eauthor.
=245  14$aThe relationship of southward drifting auroral arcs to the magnetospheric electric field and substorm activity /$cby Savithri Subbarao.
=264  \1$c[1972]
=264  \4$c1972
=300  \\$a1 online resource (66, A1-33 pages) :$billustrations, map
=336  \\$atext$btxt$2rdacontent
=337  \\$acomputer$bc$2rdamedia
=338  \\$aonline resource$bcr$2rdacarrier
=500  \\$a"A thesis submitted to the Faculty of Graduate Studies and Research in partial fulfilment of the requirements for the degree of Master of Science, Department of Physics."
=502  \\$bM. Sc.$cUniversity of Alberta$d1972.
=504  \\$aIncludes bibliographical references (pages 64-66).
=650  \0$aAuroras$xResearch.
=650  \0$aMagnetosphere$xResearch.
=650  \0$aAuroral substorms$xResearch.
=650  \0$aAtmospheric physics$xResearch.
=650  \0$aElectric currents$xResearch.
=650  \0$aMagnetospheric substorms$xResearch.
=710  2\$aUniversity of Alberta.$bDepartment of Physics.
=900  \\$aMK13587
=949  \\$zUAIN$zETHESIS

