=LDR  01229ntm a22003371i 4500
=001  uab09267509
=003  UAB
=005  20140911132449.0
=006  m|||||o||d||||||||
=007  cr||||||||||||
=008  140911t19721972xx\a\\\\obm\\\000\0deng\d
=040  \\$aUAB$beng$erda$cUAB
=050  \4$aB218.Z7$bS86 1972
=090  \\$aInternet Access$bAEU
=100  1\$aSundal, Ivan Andrew,$eauthor.
=245  10$aEmpedocles :$bthe cosmos and the soul /$cby Ivan Andrew Sundal.
=264  \1$c[1972]
=264  \4$c1972
=300  \\$a1 online resource ([5], 96 pages) :$billustrations
=336  \\$atext$btxt$2rdacontent
=337  \\$acomputer$bc$2rdamedia
=338  \\$aonline resource$bcr$2rdacarrier
=500  \\$a"A thesis submitted to the Faculty of Graduate Studies and Research in partial fulfilment of the requirements for the degree of Master of Arts, Department of Philosophy."
=502  \\$bM.A.$cUniversity of Alberta$d1972.
=504  \\$aIncludes bibliographical references (pages 94-96).
=600  00$aEmpedocles$xCriticism and interpretation.
=650  \0$aCosmology, Ancient.
=650  \0$aSoul.
=650  \0$aPhilosophy, Ancient.
=710  2\$aUniversity of Alberta.$bDepartment of Philosophy.
=900  \\$aMK13588
=949  \\$zUAIN$zETHESIS

