=LDR  01351ntm a22003611i 4500
=001  uab09267547
=003  UAB
=005  20140911135725.0
=006  m|||||o||d||||||||
=007  cr||||||||||||
=008  140911t19721972xx\ad\\\obm\\\000\0\eng\d
=040  \\$aUAB$beng$erda$cUAB
=050  \4$aQP303$b.T36 1972
=090  \\$aInternet Access$bAEU
=100  1\$aTannis, Geraldine,$eauthor.
=245  14$aThe effect of interpolated information reduction on kinesthetic and verbal short-term memory /$cby Geraldine Tannis.
=264  \1$c[1972]
=264  \4$c1972
=300  \\$a1 online resource (116 pages) :$billustrations
=336  \\$atext$btxt$2rdacontent
=337  \\$acomputer$bc$2rdamedia
=338  \\$aonline resource$bcr$2rdacarrier
=500  \\$a"A thesis submitted to the Faculty of Graduate Studies and Research in partial fulfilment of the requirements for the degree of Master of Science, Department of Physical Education."
=502  \\$bM. Sc.$cUniversity of Alberta$d1972.
=504  \\$aIncludes bibliographical references (pages [78]-82).
=650  \0$aKinesiology.
=650  \0$aInterpolation.
=650  \0$aHuman information processing.
=650  \0$aShort-term memory.
=650  \0$aVerbal ability.
=650  \0$aVerbal behavior.
=710  2\$aUniversity of Alberta.$bDepartment of Physical Education.
=900  \\$aMK13591
=949  \\$zUAIN$zETHESIS

