=LDR  01335ntm a22003371i 4500
=001  uab09268717
=003  UAB
=005  20140912162911.0
=006  m|||||o||d||||||||
=007  cr||||||||||||
=008  140912t19721972xx\a\\\\obm\\\000\0\eng\d
=040  \\$aUAB$beng$erda$cUAB
=050  \4$aQC678.4$b.W35 1972
=090  \\$aInternet Access$bAEU
=100  1\$aWalker, Conrad M. B.,$eauthor.
=245  14$aThe effect of low intensity 2.45 GHz microwave radiation on the infection of Escherichia coli, strain B, by T4 r@@ phage /$cby Conrad M.B. Walker.
=264  \1$c1972.
=264  \4$c1972
=300  \\$a1 online resource ([9], 94 pages) :$billustrations
=336  \\$atext$btxt$2rdacontent
=337  \\$acomputer$bc$2rdamedia
=338  \\$aonline resource$bcr$2rdacarrier
=500  \\$a"A thesis submitted to the Faculty of Graduate Studies and Research in partial fulfilment of the requirements for the degree of Master of Science, Department of Electrical Engineering."
=502  \\$bM. Sc.$cUniversity of Alberta$d1972.
=504  \\$aIncludes bibliographical references (pages 59-63).
=650  \0$aMicrowaves$xResearch.
=650  \0$aEscherichia coli.
=650  \0$aEscherichia coli infections.
=650  \0$aWave guides.
=710  2\$aUniversity of Alberta.$bDepartment of Electrical Engineering.
=900  \\$aMK13620
=949  \\$zUAIN$zETHESIS

