=LDR  01201ntm a22003251i 4500
=001  uab09268781
=003  UAB
=005  20140912213313.0
=006  m|||||o||d||||||||
=007  cr||||||||||||
=008  140912t19721972xx\ad\\\obm\\\000\0\eng\d
=040  \\$aUAB$beng$erda$cUAB
=050  \4$aQP321$bW66 1972
=090  \\$aInternet Access$bAEU
=100  1\$aWong, Eddy Y. M.,$eauthor.
=245  10$aTheoretical and experimental studies on frog skeletal muscle /$cby Eddy Y.-M. Wong.
=264  \1$c[1972]
=264  \4$c1972
=300  \\$a1 online resource (104 pages) :$billustrations
=336  \\$atext$btxt$2rdacontent
=337  \\$acomputer$bc$2rdamedia
=338  \\$aonline resource$bcr$2rdacarrier
=500  \\$a"A thesis submitted to the Faculty of Graduate Studies and Research in partial fulfilment of the requirements for the degree of Master of Science, Department of Physiology."
=502  \\$bM. Sc.$cUniversity of Alberta$d1972.
=504  \\$aIncludes bibliographical references (pages 96-104).
=650  \0$aFrogs$xPhysiology.
=650  \0$aMuscle contraction.
=650  \0$aMuscles$xPhysiology.
=710  2\$aUniversity of Alberta.$bDepartment of Physiology.
=900  \\$aMK13631
=949  \\$zUAIN$zETHESIS

