=LDR  01271ntm a22003371i 4500
=001  uab09268783
=003  UAB
=005  20140912220429.0
=006  m|||||o||d||||||||
=007  cr||||||||||||
=008  140912t19721972xx\ad\\\obm\\\000\0\eng\d
=040  \\$aUAB$beng$erda$cUAB
=050  \4$aQD281.H83$bW75 1972
=090  \\$aInternet Access$bAEU
=100  1\$aWright, Geoffrey Brian,$eauthor.
=245  10$aHydrolysis and electron transfer reactions of coordinated cyanophenols /$cby Geoffrey Brian Wright.
=264  \1$c[1972]
=264  \4$c1972
=300  \\$a1 online resource (84 pages) :$billustrations
=336  \\$atext$btxt$2rdacontent
=337  \\$acomputer$bc$2rdamedia
=338  \\$aonline resource$bcr$2rdacarrier
=500  \\$a"A thesis submitted to the Faculty of Graduate Studies and Research in partial fulfilment of the requirements for the degree of Master of Science, Department of Chemistry."
=502  \\$bM. Sc.$cUniversity of Alberta$d1972.
=504  \\$aIncludes bibliographical references (pages 80-84).
=650  \0$aHydrolysis.
=650  \0$aElectron transport.
=650  \0$aOxidation-reduction reaction.
=650  \0$aChemistry, Organic$xResearch.
=710  2\$aUniversity of Alberta.$bDepartment of Chemistry.
=900  \\$aMK13634
=949  \\$zUAIN$zETHESIS

