=LDR  01240ntm a22003251i 4500
=001  uab09268790
=003  UAB
=005  20140912233140.0
=006  m|||||o||d||||||||
=007  cr||||||||||||
=008  140912t19721972xx\ad\\\obm\\\000\0\eng\d
=040  \\$aUAB$beng$erda$cUAB
=050  \4$aSF203$b.S77 1972
=090  \\$aInternet Access$bAEU
=100  1\$aStredwick, Ralph Victor,$eauthor.
=245  10$aEffect of energy and diethylstilbestrol on young bulls /$cby Ralph Victor Stredwick.
=264  \1$c[1972]
=264  \4$c1972
=300  \\$a1 online resource (62 pages) :$billustrations
=336  \\$atext$btxt$2rdacontent
=337  \\$acomputer$bc$2rdamedia
=338  \\$aonline resource$bcr$2rdacarrier
=500  \\$a"A thesis submitted to the Faculty of Graduate Studies and Research in partial fulfilment of the requirements for the degree of Master of Science, Department of Animal Science."
=502  \\$bM. Sc.$cUniversity of Alberta$d1972.
=504  \\$aIncludes bibliographical references (pages 59-62).
=650  \0$aCattle$xFeeding and feeds$xResearch.
=650  \0$aBulls$xResearch.
=650  \0$aDiethylstilbestrol$xResearch.
=710  2\$aUniversity of Alberta.$bDepartment of Animal Science.
=900  \\$aMK13586
=949  \\$zUAIN$zETHESIS

