=LDR  01136ntm a22003011i 4500
=001  uab09267282
=003  UAB
=005  20140910183044.0
=006  m|||||o||d||||||||
=007  cr||||||||||||
=008  140910t19731973xx\\\\\\obm\\\000\0\eng\d
=040  \\$aUAB$beng$erda$cUAB
=050  \4$aQA279.7$b.S84 1973
=090  \\$aInternet Access$bAEU
=100  1\$aSugavanam, Ramakrishnan,$eauthor.
=245  10$aPlay the winner binomial selection /$cby Ramakrishnan Sugavanam.
=264  \1$c[1973]
=264  \4$c1973
=300  \\$a1 online resource (vii, 41 pages)
=336  \\$atext$btxt$2rdacontent
=337  \\$acomputer$bc$2rdamedia
=338  \\$aonline resource$bcr$2rdacarrier
=500  \\$a"A thesis submitted to the Faculty of Graduate Studies and Research in partial fulfilment of the requirements for the degree of Master of Science in Mathematical Statistics, Department of Mathematics."
=502  \\$bM. Sc.$cUniversity of Alberta$d1973.
=504  \\$aIncludes bibliographical references (pages 34-35).
=650  \0$aSequential analysis.
=710  2\$aUniversity of Alberta.$bDepartment of Mathematics.
=900  \\$aMK15361
=949  \\$zUAIN$zETHESIS

