=LDR  01226ntm a22003251i 4500
=001  uab09267298
=003  UAB
=005  20140910185004.0
=006  m|||||o||d||||||||
=007  cr||||||||||||
=008  140910t19731973xx\b\\\\obm\\\000\0\eng\d
=040  \\$aUAB$beng$erda$cUAB
=043  \\$an-cn-sn
=050  \4$aHD1790.S2$bW55 1973
=090  \\$aInternet Access$bAEU
=100  1\$aWilson, John T.,$eauthor.
=245  13$aAn economic evaluation of extending agriculture in northeastern Saskatchewan /$cby John T. Wilson.
=264  \1$c[1973]
=264  \4$c1973
=300  \\$a1 online resource (vii, 108 pages) :$bmaps
=336  \\$atext$btxt$2rdacontent
=337  \\$acomputer$bc$2rdamedia
=338  \\$aonline resource$bcr$2rdacarrier
=500  \\$a"A thesis submitted to the Faculty of Graduate Studies and Research in partial fulfilment of the requirements for the degree of Master of Arts, Department of Geography."
=502  \\$bM.A.$cUniversity of Alberta$d1973.
=504  \\$aIncludes bibliographical references (pages 93-94).
=650  \0$aAgriculture$xEconomic aspects$zCanada$zSaskatchewan.
=650  \0$aMicroclimatology.
=710  2\$aUniversity of Alberta.$bDepartment of Geography.
=900  \\$aMK15380
=949  \\$zUAIN$zETHESIS

