=LDR  01284ntm a22003491i 4500
=001  uab09267312
=003  UAB
=005  20140910190338.0
=006  m|||||o||d||||||||
=007  cr||||||||||||
=008  140910t19731973xx\\\\\\obm\\\000\0\eng\d
=040  \\$aUAB$beng$erda$cUAB
=050  \4$aQP752.S37$bY68 1973
=090  \\$aInternet Access$bAEU
=100  1\$aYoung, Sharon Joy,$eauthor.
=245  10$aStudies of the ketogenicity of saturated and unsaturated fats for the chick /$cby Sharon Joy Young.
=264  \1$c[1973]
=264  \4$c1973
=300  \\$a1 online resource (ix, 57 pages)
=336  \\$atext$btxt$2rdacontent
=337  \\$acomputer$bc$2rdamedia
=338  \\$aonline resource$bcr$2rdacarrier
=500  \\$a"A thesis submitted to the Faculty of Graduate Studies and Research in partial fulfilment of the requirements for the degree of Master of Science, School of Household Economics."
=502  \\$bM. Sc.$cUniversity of Alberta$d1973.
=504  \\$aIncludes bibliographical references (pages 52-57).
=650  \0$aSaturated fatty acids.
=650  \0$aUnsaturated fatty acids.
=650  \0$aKetones.
=650  \0$aChicks.
=650  \0$aLipids$xPhysiological effect.
=710  2\$aUniversity of Alberta.$bSchool of Household Economics.
=900  \\$aMK15385
=949  \\$zUAIN$zETHESIS

