=LDR  01337ntm a22003371i 4500
=001  uab09267322
=003  UAB
=005  20140910191725.0
=006  m|||||o||d||||||||
=007  cr||||||||||||
=008  140910t19731973xx\adf\\obm\\\000\0\eng\d
=040  \\$aUAB$beng$erda$cUAB
=043  \\$an-cn-ab
=050  \4$aSB423$b.A45 1973
=090  \\$aInternet Access$bAEU
=100  1\$aAllen, E. Dale,$eauthor.
=245  13$aAn ecophysiological study of the effects of thermal discharges on the submerged macrophytes of Lake Wabamun /$cby E. Dale Allen.
=264  \1$c[1973]
=264  \4$c1973
=300  \\$a1 online resource (xiii, 88 pages, 7 pages of plates) :$billustrations
=336  \\$atext$btxt$2rdacontent
=337  \\$acomputer$bc$2rdamedia
=338  \\$aonline resource$bcr$2rdacarrier
=500  \\$a"A thesis submitted to the Faculty of Graduate Studies and Research in partial fulfilment of the requirements for the degree of Master of Science in Ecophysiology, Department of Botany."
=502  \\$bM. Sc.$cUniversity of Alberta$d1973.
=504  \\$aIncludes bibliographical references (pages 81-83).
=650  \0$aAquatic plants$xThermal properties.
=650  \0$aFreshwater plants$xThermal properties.
=651  \0$aWabamun Lake (Alta.)
=710  2\$aUniversity of Alberta.$bDepartment of Botany.
=900  \\$aMK17424
=949  \\$zUAIN$zETHESIS

