=LDR  00998ntm a22002891i 4500
=001  uab09267343
=003  UAB
=005  20140910195045.0
=006  m|||||o||d||||||||
=007  cr||||||||||||
=008  140910t19731973xx\\\\\\om\\\\000\1\eng\d
=040  \\$aUAB$beng$erda$cUAB
=050  \4$aPR9199.3.S26$bN67 1973
=090  \\$aInternet Access$bAEU
=100  1\$aSchleich, David John,$eauthor.
=245  10$aNo sweet land /$cby David John Schleich.
=264  \1$c[1973]
=264  \4$c1973
=300  \\$a1 online resource (348 pages)
=336  \\$atext$btxt$2rdacontent
=337  \\$acomputer$bc$2rdamedia
=338  \\$aonline resource$bcr$2rdacarrier
=500  \\$a"A thesis submitted to the Faculty of Graduate Studies and Research in partial fulfilment of the requirements for the degree of Master of Arts, Department of English."
=502  \\$bM.A.$cUniversity of Alberta$d1973.
=651  \0$aCanada$vFiction.
=710  2\$aUniversity of Alberta.$bDepartment of English.
=900  \\$aMK15336
=949  \\$zUAIN$zETHESIS

