=LDR  01166ntm a22003011i 4500
=001  uab09267349
=003  UAB
=005  20140910195824.0
=006  m|||||o||d||||||||
=007  cr||||||||||||
=008  140910t19731973xx\ad\\\obm\\\000\0\eng\d
=040  \\$aUAB$beng$erda$cUAB
=050  \4$aQR82.P78$bS46 1973
=090  \\$aInternet Access$bAEU
=100  1\$aSemaka, Shirley Dianna,$eauthor.
=245  10$aMolecular nature of R factors in Pseudomonas aeruginosa /$cby Shirley Dianna Semaka.
=264  \1$c[1973]
=264  \4$c1973
=300  \\$a1 online resource (xiv, 78 pages) :$billustrations
=336  \\$atext$btxt$2rdacontent
=337  \\$acomputer$bc$2rdamedia
=338  \\$aonline resource$bcr$2rdacarrier
=500  \\$a"A thesis submitted to the Faculty of Graduate Studies and Research in partial fulfilment of the requirements for the degree of Master of Science, Department of Medical Bacteriology."
=502  \\$bM. Sc.$cUniversity of Alberta$d1973.
=504  \\$aIncludes bibliographical references (pages 70-78).
=650  \0$aPseudomonas aeruginosa.
=710  2\$aUniversity of Alberta.$bDepartment of Medical Bacteriology.
=900  \\$aMK15340
=949  \\$zUAIN$zETHESIS

