=LDR  01224ntm a22003371i 4500
=001  uab09267363
=003  UAB
=005  20140910203344.0
=006  m|||||o||d||||||||
=007  cr||||||||||||
=008  140910t19731973xx\b\\\\obm\\\000\0\eng\d
=040  \\$aUAB$beng$erda$cUAB
=043  \\$as-gy---
=050  \4$aF2384$b.T43 1973
=090  \\$aInternet Access$bAEU
=100  1\$aThakur, Andra P.,$eauthor.
=245  10$aGuyana :$bthe politics of race and class 1953-64 /$cby Andra P. Thakur.
=264  \1$c[1973]
=264  \4$c1973
=300  \\$a1 online resource (xiii, 144 pages) :$bmap
=336  \\$atext$btxt$2rdacontent
=337  \\$acomputer$bc$2rdamedia
=338  \\$aonline resource$bcr$2rdacarrier
=500  \\$a"A thesis submitted to the Faculty of Graduate Studies and Research in partial fulfilment of the requirements for the degree of Master of Arts, Department of Anthropology."
=502  \\$bM.A.$cUniversity of Alberta$d1973.
=504  \\$aIncludes bibliographical references (pages 129-137).
=651  \0$aGuyana$xPolitics and government.
=651  \0$aGuyana$xRace relations.
=651  \0$aGuyana$xHistory.
=710  2\$aUniversity of Alberta.$bDepartment of Anthropology.
=900  \\$aMK15362
=949  \\$zUAIN$zETHESIS

