=LDR  01241ntm a22003131i 4500
=001  uab09267508
=003  UAB
=005  20140911132428.0
=006  m|||||o||d||||||||
=007  cr||||||||||||
=008  140911t19731973xx\ad\\\obm\\\000\0\eng\d
=040  \\$aUAB$beng$erda$cUAB
=050  \4$aQA274.7$b.W66 1973
=090  \\$aInternet Access$bAEU
=100  1\$aWoo, Margaret L. C.,$eauthor.
=245  12$aA simulation study of the distribution of correlation between two linear stationary Markov processes /$cby Margaret L.C. Woo.
=264  \1$c[1973]
=264  \4$c1973
=300  \\$a1 online resource (xii, 157 pages) :$billustrations
=336  \\$atext$btxt$2rdacontent
=337  \\$acomputer$bc$2rdamedia
=338  \\$aonline resource$bcr$2rdacarrier
=500  \\$a"A thesis submitted to the Faculty of Graduate Studies and Research in partial fulfillment of the requirements for the degree of Master of Science, Department of Computing Science."
=502  \\$bM. Sc.$cUniversity of Alberta$d1973.
=504  \\$aIncludes bibliographical references (pages 152-157).
=650  \0$aMarkov processes.
=650  \0$aAutocorrelation (Statistics)
=710  2\$aUniversity of Alberta.$bDepartment of Computing Science.
=900  \\$aMK15381
=949  \\$zUAIN$zETHESIS

