=LDR  01249ntm a22003131i 4500
=001  uab09267545
=003  UAB
=005  20140911135702.0
=006  m|||||o||d||||||||
=007  cr||||||||||||
=008  140911t19731973xx\ad\\\obm\\\000\0\eng\d
=040  \\$aUAB$beng$erda$cUAB
=050  \4$aQC183$b.A55 1973
=090  \\$aInternet Access$bAEU
=100  1\$aAnli, Jun,$eauthor.
=245  13$aAn investigation into the functional relationship between the capillary pressure and saturation in porous media /$cby Jun Anli.
=264  \1$c[1973]
=264  \4$c1973
=300  \\$a1 online resource (xi, 121 pages) :$billustrations
=336  \\$atext$btxt$2rdacontent
=337  \\$acomputer$bc$2rdamedia
=338  \\$aonline resource$bcr$2rdacarrier
=500  \\$a"A thesis submitted to the Faculty of Graduate Studies and Research in partial fulfilment of the requirements for the degree of Master of Science in Petroleum Engineering, Department of Mineral Engineering.
=502  \\$bM. Sc.$cUniversity of Alberta$d1973.
=504  \\$aIncludes bibliographical references (pages 86-90).
=650  \0$aSoil capillarity.
=650  \0$aPetroleum engineering.
=710  2\$aUniversity of Alberta.$bDepartment of Mineral Engineering.
=900  \\$aMK17432
=949  \\$zUAIN$zETHESIS

