=LDR  01244ntm a22003131i 4500
=001  uab09267620
=003  UAB
=005  20140911144200.0
=006  m|||||o||d||||||||
=007  cr||||||||||||
=008  140911t19731973xx\ad\\\obm\\\000\0\eng\d
=040  \\$aUAB$beng$erda$cUAB
=050  \4$aQR201.E82$bS59 1973
=090  \\$aInternet Access$bAEU
=100  1\$aSiwawej, Siwaporn,$eauthor.
=245  10$aReliability of a selective medium for the enumeration of Escherichia coli exposed to chemical preservatives /$cby Siwaporn Siwawej.
=264  \1$c[1973]
=264  \4$c1973
=300  \\$a1 online resource (x, 76 pages) :$billustrations
=336  \\$atext$btxt$2rdacontent
=337  \\$acomputer$bc$2rdamedia
=338  \\$aonline resource$bcr$2rdacarrier
=500  \\$a"A thesis submitted to the Faculty of Graduate Studies and Research in partial fulfilment of the requirements for the degree of Master of Science in Foods, School of Household Economics."
=502  \\$bM. Sc.$cUniversity of Alberta$d1973.
=504  \\$aIncludes bibliographical references (pages 64-71).
=650  \0$aEscherichia coli O157:H7.
=650  \0$aFood preservatives.
=710  2\$aUniversity of Alberta.$bSchool of Household Economics.
=900  \\$aMK15350
=949  \\$zUAIN$zETHESIS

