=LDR  01315ntm a22003371i 4500
=001  uab09267642
=003  UAB
=005  20140911145402.0
=006  m|||||o||d||||||||
=007  cr||||||||||||
=008  140911t19731973xx\abd\\obm\\\000\0\eng\d
=040  \\$aUAB$beng$erda$cUAB
=043  \\$an-cn-ab
=050  \4$aGV56.A3$bS75 1973
=090  \\$aInternet Access$bAEU
=100  1\$aStickel, Lorna J.,$eauthor.
=245  12$aA study of depreciative behavior in three undeveloped highway campgrounds in Jasper National Park, Alberta /$cby Lorna J. Stickel.
=264  \1$c[1973]
=264  \4$c1973
=300  \\$a1 online resource (xvii, 358 pages) :$billustrations, maps
=336  \\$atext$btxt$2rdacontent
=337  \\$acomputer$bc$2rdamedia
=338  \\$aonline resource$bcr$2rdacarrier
=500  \\$a"A thesis submitted to the Faculty of Graduate Studies and Research in partial fulfilment of the requirements for the degree of Master of Science, Department of Geography."
=502  \\$bM. Sc.$cUniversity of Alberta$d1973.
=504  \\$aIncludes bibliographical references (pages 297-309).
=650  \0$aRecreation areas$zAlberta$zJasper National Park.
=650  \0$aVandalism.
=651  \0$aJasper National Park (Alta.)
=710  2\$aUniversity of Alberta.$bDepartment of Geography.
=900  \\$aMK15358
=949  \\$zUAIN$zETHESIS

