=LDR  01213ntm a22003131i 4500
=001  uab09267655
=003  UAB
=005  20140911150447.0
=006  m|||||o||d||||||||
=007  cr||||||||||||
=008  140911t19731973xx\ad\\\obm\\\000\0\eng\d
=040  \\$aUAB$beng$erda$cUAB
=050  \4$aQR175$b.T79 1973
=090  \\$aInternet Access$bAEU
=100  1\$aTrylinski, Janice Elaine,$eauthor.
=245  10$aImmunological studies on Mycobacterium lepraemurium /$cby Janice Elaine Trylinski.
=264  \1$c[1973]
=264  \4$c1973
=300  \\$a1 online resource (xi, 92 pages) :$billustrations
=336  \\$atext$btxt$2rdacontent
=337  \\$acomputer$bc$2rdamedia
=338  \\$aonline resource$bcr$2rdacarrier
=500  \\$a"A thesis submitted to the Faculty of Graduate Studies and Research in partial fulfilment of the requirements for the degree of Master of Science, Department of Medical Bacteriology."
=502  \\$bM. Sc.$cUniversity of Alberta$d1973.
=504  \\$aIncludes bibliographical references (pages 78-85).
=650  \0$aVirulence (Microbiology)$xImmunological aspects.
=650  \0$aLeprosy.
=710  2\$aUniversity of Alberta.$bDepartment of Medical Bacteriology.
=900  \\$aMK15367
=949  \\$zUAIN$zETHESIS

