=LDR  01171ntm a22003131i 4500
=001  uab09267710
=003  UAB
=005  20140911154539.0
=006  m|||||o||d||||||||
=007  cr||||||||||||
=008  140911t19731973xx\ad\\\obm\\\000\0\eng\d
=040  \\$aUAB$beng$erda$cUAB
=050  \4$aTA473$b.A53 1973
=090  \\$aInternet Access$bAEU
=100  1\$aAndreasen, David H.,$eauthor.
=245  10$aFatigue crack propagation in pipeline steel /$cby David H. Andreasen.
=264  \1$c[1973]
=264  \4$c1973
=300  \\$a1 online resource (xiv, 144 pages) :$billustrations
=336  \\$atext$btxt$2rdacontent
=337  \\$acomputer$bc$2rdamedia
=338  \\$aonline resource$bcr$2rdacarrier
=500  \\$a"A thesis submitted to the Faculty of Graduate Studies and Research in partial fulfilment of the requirements for the degree of Master of Science in Metallurgical Engineering."
=502  \\$bM. Sc.$cUniversity of Alberta$d1973.
=504  \\$aIncludes bibliographical references (pages 127-132).
=650  \0$aSteel$xFatigue.
=650  \0$aFracture mechanics.
=710  2\$aUniversity of Alberta.$bDepartment of Mining and Metallurgy.
=900  \\$aMK17430
=949  \\$zUAIN$zETHESIS

