=LDR  01118ntm a22003011i 4500
=001  uab09268259
=003  UAB
=005  20140911204043.0
=006  m|||||o||d||||||||
=007  cr||||||||||||
=008  140911t19731973xx\a\\\\obm\\\000\0\eng\d
=040  \\$aUAB$beng$erda$cUAB
=050  \4$aQD305.H7$bS36 1973
=090  \\$aInternet Access$bAEU
=100  1\$aScott, Wayne Allan,$eauthor.
=245  10$aOxidation of alkenes to allylic hydroperoxides /$cby Wayne Allan Scott.
=264  \1$c[1973]
=264  \4$c1973
=300  \\$a1 online resource (70 pages) :$billustrations
=336  \\$atext$btxt$2rdacontent
=337  \\$acomputer$bc$2rdamedia
=338  \\$aonline resource$bcr$2rdacarrier
=500  \\$a"A thesis submitted to the Faculty of Graduate Studies and Research in partial fulfilment of the requirements for the degree of Master of Science, Department of Chemistry."
=502  \\$bM. Sc.$cUniversity of Alberta$d1973.
=504  \\$aIncludes bibliographical references (pages 67-70).
=650  \0$aAlkenes$xOxidation.
=710  2\$aUniversity of Alberta.$bDepartment of Chemistry.
=900  \\$aMK17683
=949  \\$zUAIN$zETHESIS

