=LDR  01150ntm a22003131i 4500
=001  uab09268287
=003  UAB
=005  20140912071017.0
=006  m|||||o||d||||||||
=007  cr||||||||||||
=008  140912t19731973xx\ad\\\obm\\\000\0\eng\d
=040  \\$aUAB$beng$erda$cUAB
=050  \4$aQD505$b.S56 1973
=090  \\$aInternet Access$bAEU
=100  1\$aSimonson, Lauritz P.,$eauthor.
=245  10$aProperties and kinetic studies of orotidylate decarboxylase /$cby Lauritz P. Simonson.
=264  \1$c[1973]
=264  \4$c1973
=300  \\$a1 online resource (77 pages) :$billustrations
=336  \\$atext$btxt$2rdacontent
=337  \\$acomputer$bc$2rdamedia
=338  \\$aonline resource$bcr$2rdacarrier
=500  \\$a"A thesis submitted to the Faculty of Graduate Studies in partial fulfilment of the requirements for the degree of Master of Science, Department of Biochemistry."
=502  \\$bM. Sc.$cUniversity of Alberta$d1973.
=504  \\$aIncludes bibliographical references (pages 75-77).
=650  \0$aCatalysis.
=650  \0$aDecarboxylation.
=710  2\$aUniversity of Alberta.$bDepartment of Biochemistry.
=900  \\$aMK17689
=949  \\$zUAIN$zETHESIS

