=LDR  01143ntm a22003131i 4500
=001  uab09268293
=003  UAB
=005  20140912074642.0
=006  m|||||o||d||||||||
=007  cr||||||||||||
=008  140912t19731973xx\\\\\\obm\\\000\0\eng\d
=040  \\$aUAB$beng$erda$cUAB
=050  \4$aQC762$b.S95 1973
=090  \\$aInternet Access$bAEU
=100  1\$aSwitzer, David A.,$eauthor.
=245  10$aNMR study of the Ruderman-Kittel interaction in white tin using macroscopic rotation /$cby David A. Switzer.
=264  \1$c[1973]
=264  \4$c1973
=300  \\$a1 online resource (86 pages)
=336  \\$atext$btxt$2rdacontent
=337  \\$acomputer$bc$2rdamedia
=338  \\$aonline resource$bcr$2rdacarrier
=500  \\$a"A thesis submitted to the Faculty of Graduate Studies and Research in partial fulfilment of the requirements for the degree of Master of Science."
=502  \\$bM. Sc.$cUniversity of Alberta$d1973.
=504  \\$aIncludes bibliographical references (pages 66-67).
=650  \0$aNuclear magnetic resonance.
=650  \0$aMechanics.
=710  2\$aUniversity of Alberta.$bDepartment of Physics.
=900  \\$aMK17705
=949  \\$zUAIN$zETHESIS

