=LDR  01265ntm a22003251i 4500
=001  uab09268300
=003  UAB
=005  20140912082611.0
=006  m|||||o||d||||||||
=007  cr||||||||||||
=008  140912t19731973xx\abd\\obm\\\000\0\eng\d
=040  \\$aUAB$beng$erda$cUAB
=043  \\$an-cn-ab
=050  \4$aHD9433.A32$bV36 1973
=090  \\$aInternet Access$bAEU
=100  1\$aVan Deurzen, Anthony,$eauthor.
=245  13$aAn analysis of Alberta's beef cattle industry problems /$cby Anthony Van Deurzen.
=264  \1$c[1973]
=264  \4$c1973
=300  \\$a1 online resource (72 pages) :$billustrations, map
=336  \\$atext$btxt$2rdacontent
=337  \\$acomputer$bc$2rdamedia
=338  \\$aonline resource$bcr$2rdacarrier
=500  \\$a"A thesis submitted to the Faculty of Graduate Studies and Research in partial fulfilment of the requirements for the degree of Master of Science, Department of Agricultural Economics and Rural Sociology."
=502  \\$bM. Sc.$cUniversity of Alberta$d1973.
=504  \\$aIncludes bibliographical references (page 63).
=650  \0$aBeef industry$zAlberta.
=650  \0$aBeef cattle$zAlberta.
=710  2\$aUniversity of Alberta.$bDepartment of Agricultural Economics and Rural Sociology.
=900  \\$aMK17713
=949  \\$zUAIN$zETHESIS

