=LDR  01227ntm a22003131i 4500
=001  uab09268793
=003  UAB
=005  20140913072438.0
=006  m|||||o||d||||||||
=007  cr||||||||||||
=008  140913t19731973xx\ab\\\obm\\\000\0\eng\d
=040  \\$aUAB$beng$erda$cUAB
=050  \4$aHM766$b.Y84 1973
=090  \\$aInternet Access$bAEU
=100  1\$aYuen, Abraham Chick-To,$eauthor.
=245  10$aGenerating citizen involvement :$bcommunity council /$cby Abraham Chick-To Yuen.
=264  \1$c[1973]
=264  \4$c1973
=300  \\$a1 online resource (113 pages) :$billustrations, maps
=336  \\$atext$btxt$2rdacontent
=337  \\$acomputer$bc$2rdamedia
=338  \\$aonline resource$bcr$2rdacarrier
=500  \\$a"A thesis submitted to the Faculty of Graduate Studies and Research in partial fulfilment of the requirements for the degree of Master of Arts, Interdepartmental Committee in Community Development."
=502  \\$bM.A.$cUniversity of Alberta$d1973.
=504  \\$aIncludes bibliographical references (pages 93-[97]).
=650  \0$aCommunity organization.
=650  \0$aCommunity life.
=710  2\$aUniversity of Alberta.$bInterdepartmental Committee in Community Development.
=900  \\$aMK17745
=949  \\$zUAIN$zETHESIS

