=LDR  01065ntm a22003011i 4500
=001  uab09268799
=003  UAB
=005  20140913080446.0
=006  m|||||o||d||||||||
=007  cr||||||||||||
=008  140913t19741974xx\\\\\\obm\\\000\0\eng\d
=040  \\$aUAB$beng$erda$cUAB
=050  \4$aQA247$b.B37 1974
=090  \\$aInternet Access$bAEU
=100  1\$aBaragar, Diana,$eauthor.
=245  10$aIdentities of f-algebras /$cby Diana Baragar.
=264  \1$c[1974]
=264  \4$c1974
=300  \\$a1 online resource (35 pages)
=336  \\$atext$btxt$2rdacontent
=337  \\$acomputer$bc$2rdamedia
=338  \\$aonline resource$bcr$2rdacarrier
=500  \\$a"A thesis submitted to the Faculty of Graduate Studies and Research in partial fulfilment of the requirements for the degree of Master of Science, Department of Mathematics.
=502  \\$bM. Sc.$cUniversity of Alberta$d1974.
=504  \\$aIncludes bibliographical references (page 35).
=650  \0$aIdeals (Algebra)
=710  2\$aUniversity of Alberta.$bDepartment of Mathematics.
=900  \\$aMK20967
=949  \\$zUAIN$zETHESIS

