=LDR  01276ntm a22003131i 4500
=001  uab09268720
=003  UAB
=005  20140912163634.0
=006  m|||||o||d||||||||
=007  cr||||||||||||
=008  140912t19741974xx\d\\\\obm\\\000\0\eng\d
=040  \\$aUAB$beng$erda$cUAB
=050  \4$aQP301$b.C37 1974
=090  \\$aInternet Access$bAEU
=100  1\$aCary, Susan Michael,$eauthor.
=245  14$aThe effects of pair-feeding and exercise on the utilization and mobilization of energy sources of trained and non-trained rats /$cSusan Michael Cary.
=264  \1$c[1974]
=264  \4$c1974
=300  \\$a1 online resource (xii, 122 pages) :$billustrations
=336  \\$atext$btxt$2rdacontent
=337  \\$acomputer$bc$2rdamedia
=338  \\$aonline resource$bcr$2rdacarrier
=500  \\$a"A thesis submitted to the Faculty of Graduate Studies and Research in partial fulfilment of the requirements for the degree of Master of Science, Department of Physical Education."
=502  \\$bM. Sc.$cUniversity of Alberta$d1974.
=504  \\$aIncludes bibliographical references (pages 54-68).
=650  \0$aExercise$xPhysiological aspects.
=650  \0$aRats as laboratory animals.
=710  2\$aUniversity of Alberta.$bDepartment of Physical Education.
=900  \\$aMK20979
=949  \\$zUAIN$zETHESIS

