=LDR  01232ntm a22003131i 4500
=001  uab09268724
=003  UAB
=005  20140912165241.0
=006  m|||||o||d||||||||
=007  cr||||||||||||
=008  140912t19741974xx\a\\\\obm\\\000\0\eng\d
=040  \\$aUAB$beng$erda$cUAB
=050  \4$aQA374$b.D47 1974
=090  \\$aInternet Access$bAEU
=100  1\$aDescheneau, Catherine,$eauthor.
=245  10$aNumerical methods for a pair of nonlinear partial differential equations /$cby Catherine Descheneau.
=264  \1$c[1974]
=264  \4$c1974
=300  \\$a1 online resource (ix, 85 pages) :$billustrations
=336  \\$atext$btxt$2rdacontent
=337  \\$acomputer$bc$2rdamedia
=338  \\$aonline resource$bcr$2rdacarrier
=500  \\$a"A thesis submitted to the Faculty of Graduate Studies and Research in partial fulfilment of the requirements for the degree of Master of Science, Department of Computing Science."
=502  \\$bM. Sc.$cUniversity of Alberta$d1974.
=504  \\$aIncludes bibliographical references (pages 75-79).
=650  \0$aDifferential equations, Partial.
=650  \0$aDifferential equations, Nonlinear.
=710  2\$aUniversity of Alberta.$bDepartment of Computing Science.
=900  \\$aMK20996
=949  \\$zUAIN$zETHESIS

