=LDR  01289ntm a22003131i 4500
=001  uab09268725
=003  UAB
=005  20140912170119.0
=006  m|||||o||d||||||||
=007  cr||||||||||||
=008  140912t19741974xx\\\\\\obm\\\000\0dfre\d
=040  \\$aUAB$beng$erda$cUAB
=050  \4$aB2430.S31$bD83 1974
=090  \\$aInternet Access$bAEU
=100  1\$aDube, Paul,$eauthor.
=245  10$aDu negre au noir, du bicot a l'arabe :$balienation et desalienation dans la litterature polemique de Jean-Paul Sartre /$cby Paul Dube.
=264  \1$c[1974]
=264  \4$c1974
=300  \\$a1 online resource (vii, 141 pages)
=336  \\$atext$btxt$2rdacontent
=337  \\$acomputer$bc$2rdamedia
=338  \\$aonline resource$bcr$2rdacarrier
=500  \\$a"A thesis submitted to the Faculty of Graduate Studies and Research in partial fulfilment of the requirements for the degree of Master of Arts, Department of Romance Languages."
=502  \\$bM.A.$cUniversity of Alberta$d1974.
=504  \\$aIncludes bibliographical references (pages 134-141).
=600  10$aSartre, Jean-Paul,$d1905-1980$xCriticism and interpretation.
=650  \0$aFrench literature$y20th century$xHistory and criticism.
=710  2\$aUniversity of Alberta.$bDepartment of Romance Languages.
=900  \\$aMK21002
=949  \\$zUAIN$zETHESIS

