=LDR  01238ntm a22003371i 4500
=001  uab09268728
=003  UAB
=005  20140912171100.0
=006  m|||||o||d||||||||
=007  cr||||||||||||
=008  140912t19741974xx\ad\\\obm\\\000\0\eng\d
=040  \\$aUAB$beng$erda$cUAB
=050  \4$aQL696.C46$bF69 1974
=090  \\$aInternet Access$bAEU
=100  1\$aFox, Glen Allen,$eauthor.
=245  10$aEggshell quality and DDE :$bcorrelation with reproductive success in the common tern /$cby Glen Allen Fox.
=264  \1$c[1974]
=264  \4$c1974
=300  \\$a1 online resource (xiv, 78 pages) :$billustrations
=336  \\$atext$btxt$2rdacontent
=337  \\$acomputer$bc$2rdamedia
=338  \\$aonline resource$bcr$2rdacarrier
=500  \\$a"A thesis submitted to the Faculty of Graduate Studies and Research in partial fulfilment of the requirements for the degree of Master of Science, Department of Zoology."
=502  \\$bM. Sc.$cUniversity of Alberta$d1974.
=504  \\$aIncludes bibliographical references (pages 70-76).
=650  \0$aTerns.
=650  \0$aPesticides and wildlife.
=650  \0$aPesticides.
=650  \0$aReproduction.
=710  2\$aUniversity of Alberta.$bDepartment of Zoology.
=900  \\$aMK21010
=949  \\$zUAIN$zETHESIS

