=LDR  01155ntm a22003011i 4500
=001  uab09268745
=003  UAB
=005  20140912175939.0
=006  m|||||o||d||||||||
=007  cr||||||||||||
=008  140912t19741974xx\a\\\\obm\\\000\0\eng\d
=040  \\$aUAB$beng$erda$cUAB
=050  \4$aQA276$b.J35 1974
=090  \\$aInternet Access$bAEU
=100  1\$aJakes, Gaysawn,$eauthor.
=245  10$aActual size of the Welch-Aspin test for the Behrens-Fisher problem /$cby Gaysawn Jakes.
=264  \1$c[1974]
=264  \4$c1974
=300  \\$a1 online resource (viii, 60 pages) :$billustrations
=336  \\$atext$btxt$2rdacontent
=337  \\$acomputer$bc$2rdamedia
=338  \\$aonline resource$bcr$2rdacarrier
=500  \\$a"A thesis submitted to the Faculty of Graduate Studies and Research in partial fulfilment of the requirements for the degree of Master of Science, Department of Computing Science."
=502  \\$bM. Sc.$cUniversity of Alberta$d1974.
=504  \\$aIncludes bibliographical references (pages 41-42).
=650  \0$aMathematical statistics.
=710  2\$aUniversity of Alberta.$bDepartment of Computing Science.
=900  \\$aMK21034
=949  \\$zUAIN$zETHESIS

