=LDR  01118ntm a22003011i 4500
=001  uab09268766
=003  UAB
=005  20140912194148.0
=006  m|||||o||d||||||||
=007  cr||||||||||||
=008  140912t19741974xx\\\\\\obm\\\000\0deng\d
=040  \\$aUAB$beng$erda$cUAB
=050  \4$aPR9199.3.R43$bF84 1974
=090  \\$aInternet Access$bAEU
=100  1\$aFuhr, Arlene Lorraine,$eauthor.
=245  13$aAn archetypal pattern in Reaney /$cArlene Lorraine Fuhr.
=264  \1$c[1974]
=264  \4$c1974
=300  \\$a1 online resource (viii, 128 pages)
=336  \\$atext$btxt$2rdacontent
=337  \\$acomputer$bc$2rdamedia
=338  \\$aonline resource$bcr$2rdacarrier
=500  \\$a"A thesis submitted to the Faculty of Graduate Studies and Research in partial fulfilment of the requirements for the degree of Master of Arts, Department of English."
=502  \\$bM.A.$cUniversity of Alberta$d1974.
=504  \\$aIncludes bibliographical references (pages 124-128).
=600  10$aReaney, James$xCriticism and interpretation.
=710  2\$aUniversity of Alberta.$bDepartment of English.
=900  \\$aMK21012
=949  \\$zUAIN$zETHESIS

