=LDR  01349ntm a22003251i 4500
=001  uab09268767
=003  UAB
=005  20140912195244.0
=006  m|||||o||d||||||||
=007  cr||||||||||||
=008  140912t19741974xx\\\\\\obm\\\000\0\eng\d
=040  \\$aUAB$beng$erda$cUAB
=050  \4$aRA971$b.G65 1974
=090  \\$aInternet Access$bAEU
=100  1\$aGolden, Earl M.,$eauthor.
=245  14$aThe concept and applicability of incentives in the organization of health care services /$cby Earl M. Golden.
=264  \1$c[1974]
=264  \4$c1974
=300  \\$a1 online resource (viii, 122 pages)
=336  \\$atext$btxt$2rdacontent
=337  \\$acomputer$bc$2rdamedia
=338  \\$aonline resource$bcr$2rdacarrier
=500  \\$a"A thesis submitted to the Faculty of Graduate Studies and Research in partial fulfilment of the requirements for the degree of Master of Health Services Administration, Division of Health Services Administration, Department of Community Medicine."
=502  \\$bM.H.S.A.$cUniversity of Alberta$d1974.
=504  \\$aIncludes bibliographical references (pages 103-108).
=650  \0$aHealth services administration.
=650  \0$aMedical care.
=650  \0$aMedical policy.
=710  2\$aUniversity of Alberta.$bDivision of Health Services Administration.$bDepartment of Community Medicine.
=900  \\$aMK21019
=949  \\$zUAIN$zETHESIS

