=LDR  01177ntm a22003131i 4500
=001  uab09268771
=003  UAB
=005  20140912201336.0
=006  m|||||o||d||||||||
=007  cr||||||||||||
=008  140912t19741974xx\ag\\\obm\\\000\0\ger\d
=040  \\$aUAB$beng$erda$cUAB
=050  \4$aML182$b.J47 1974
=090  \\$aInternet Access$bAEU
=100  1\$aJeske, Rosemarie,$eauthor.
=245  10$aUntersuchungen zu Ulrich von Gutenburgs Leich und Lied /$cby Rosemarie Jeske.
=264  \1$c[1974]
=264  \4$c1974
=300  \\$a1 online resource (ix, 107 pages) :$billustrations, music
=336  \\$atext$btxt$2rdacontent
=337  \\$acomputer$bc$2rdamedia
=338  \\$aonline resource$bcr$2rdacarrier
=500  \\$a"A thesis submitted to the Faculty of Graduate Studies and Research in partial fulfilment of the requirements for the degree of Master of Arts, Department of Germanic Languages."
=502  \\$bM.A.$cUniversity of Alberta$d1974.
=504  \\$aIncludes bibliographical references (pages 104-107).
=600  10$aGutenburg, Ulrich von.
=650  \0$aMinstrels.
=710  2\$aUniversity of Alberta.$bDepartment of Germanic Languages.
=900  \\$aMK21035
=949  \\$zUAIN$zETHESIS

