=LDR  01187ntm a22003131i 4500
=001  uab09268777
=003  UAB
=005  20140912204625.0
=006  m|||||o||d||||||||
=007  cr||||||||||||
=008  140912t19741974xx\d\\\\obm\\\000\0\eng\d
=040  \\$aUAB$beng$erda$cUAB
=050  \4$aS592.6.N5$bD53 1974
=090  \\$aInternet Access$bAEU
=100  1\$aDick, Alistair Campbell,$eauthor.
=245  10$aEffects of fertilizers on nitrogen-sulfur relationships /$cby Alistair Campbell Dick.
=264  \1$c[1974]
=264  \4$c1974
=300  \\$a1 online resource (x, 53 pages) :$billustrations
=336  \\$atext$btxt$2rdacontent
=337  \\$acomputer$bc$2rdamedia
=338  \\$aonline resource$bcr$2rdacarrier
=500  \\$a"A thesis submitted to the Faculty of Graduate Studies and Research in partial fulfilment of the requirements for the degree of Master of Science, Department of Soil Science."
=502  \\$bM. Sc.$cUniversity of Alberta$d1974.
=504  \\$aIncludes bibliographical references (page 41-43).
=650  \0$aSoils$xNitrogen content.
=650  \0$aSulfur fertilizers.
=710  2\$aUniversity of Alberta.$bDepartment of Soil Science.
=900  \\$aMK21000
=949  \\$zUAIN$zETHESIS

