=LDR  01301ntm a22003251i 4500
=001  uab09269075
=003  UAB
=005  20140915114100.0
=006  m|||||o||d||||||||
=007  cr||||||||||||
=008  140915t19741974xx\a\\\\obm\\\000\0\eng\d
=040  \\$aUAB$beng$erda$cUAB
=050  \4$aTH4819.P7$bH39 1974
=090  \\$aInternet Access$bAEU
=100  1\$aHayashi, Hiroyoshi,$eauthor.
=245  14$aThe application of the total systems approach to factory produced dwellings for the low-to-medium income family /$cby Hiroyoshi Hayashi.
=264  \1$c[1974]
=264  \4$c1974
=300  \\$a1 online resource (xiii, 125 pages) :$billustrations
=336  \\$atext$btxt$2rdacontent
=337  \\$acomputer$bc$2rdamedia
=338  \\$aonline resource$bcr$2rdacarrier
=500  \\$a"A thesis submitted to the Faculty of Graduate Studies and Research in partial fulfilment of the requirements for the degree of Master of Science, Department of Mechanical Engineering."
=502  \\$bM. Sc.$cUniversity of Alberta$d1974.
=504  \\$aIncludes bibliographical references (pages 88-90).
=650  \0$aPrefabricated houses.
=650  \0$aDwellings$xDesigns and plans.
=650  \0$aLow-income housing.
=710  2\$aUniversity of Alberta.$bDepartment of Mechanical Engineering.
=900  \\$aMK21026
=949  \\$zUAIN$zETHESIS

