=LDR  01105ntm a22003131i 4500
=001  uab09268878
=003  UAB
=005  20140913183938.0
=006  m|||||o||d||||||||
=007  cr||||||||||||
=008  140913t19741974xx\\\\\\obm\\\000\0\eng\d
=040  \\$aUAB$beng$erda$cUAB
=050  \4$aB105.V33$bM48 1974
=090  \\$aInternet Access$bAEU
=100  1\$aMetheany, John,$eauthor.
=245  13$aAn analysis of vagueness /$cby John Metheany.
=264  \1$c[1974]
=264  \4$c1974
=300  \\$a1 online resource (xi, 101 pages)
=336  \\$atext$btxt$2rdacontent
=337  \\$acomputer$bc$2rdamedia
=338  \\$aonline resource$bcr$2rdacarrier
=500  \\$a"A thesis submitted to the Faculty of Graduate Studies and Research in partial fulfilment of the requirements for the degree of Master of Arts in Philosophy."
=502  \\$bM.A.$cUniversity of Alberta$d1974.
=504  \\$aIncludes bibliographical references (pages 100-101).
=650  \0$aVagueness (Philosophy)$xResearch.
=710  2\$aUniversity of Alberta.
=900  \\$aMK21067
=949  \\$zUAIN$zETHESIS
=987  \\$amissing$b710$bNo department specified.

