=LDR  01510ntm a22003611i 4500
=001  uab09268907
=003  UAB
=005  20140913200638.0
=006  m|||||o||d||||||||
=007  cr||||||||||||
=008  140913t19741974xx\\\\\\obm\\\000\0\eng\d
=040  \\$aUAB$beng$erda$cUAB
=050  \4$aPN1902$b.N87 1974
=090  \\$aInternet Access$bAEU
=100  1\$aNurme, Linda M.,$eauthor.
=245  10$aThree types of modern tragicomedy :$bnaturalistic, theatrical grotesque /$cby Linda M. Nurme.
=264  \1$c[1974]
=264  \4$c1974
=300  \\$a1 online resource (v, 103 pages)
=336  \\$atext$btxt$2rdacontent
=337  \\$acomputer$bc$2rdamedia
=338  \\$aonline resource$bcr$2rdacarrier
=500  \\$a"A thesis submitted to the Faculty of Graduate Studies and Research in partial fulfilment of the requirements for the degree of Master of Arts, Department of Comparative Literature."
=502  \\$bM.A.$cUniversity of Alberta$d1974.
=504  \\$aIncludes bibliographical references (pages 94-103).
=650  \0$aTragicomedy$xHistory and criticism.
=650  \0$aGreek drama$xHistory and criticism.
=650  \0$aLatin drama$xHistory and criticism.
=650  \0$aEnglish drama$yEarly modern and Elizabethan, 1500-1600$xHistory and criticism.
=650  \0$aEnglish drama (Tragicomedy)$xHistory and criticism.
=650  \0$aEnglish drama (Tragicomedy)$y17th century$xHistory and criticism.
=710  2\$aUniversity of Alberta.$bDepartment of Comparative Literature.
=900  \\$aMK21076
=949  \\$zUAIN$zETHESIS

