=LDR  01349ntm a22003251i 4500
=001  uab09268908
=003  UAB
=005  20140913201621.0
=006  m|||||o||d||||||||
=007  cr||||||||||||
=008  140913t19741974xx\a\\\\obm\\\000\0\eng\d
=040  \\$aUAB$beng$erda$cUAB
=050  \4$aSF396.5$b.O33 1974
=090  \\$aInternet Access$bAEU
=100  1\$aOkai, Daniel Boye,$eauthor.
=245  10$aEffects of diet complexity on feed intake and performance of piglets and effects of creep intake and composition on starter intake and baby pig performance /$cby Daniel Boye Okai.
=264  \1$c[1974]
=264  \4$c1974
=300  \\$a1 online resource (x, 89 pages) :$billustrations
=336  \\$atext$btxt$2rdacontent
=337  \\$acomputer$bc$2rdamedia
=338  \\$aonline resource$bcr$2rdacarrier
=500  \\$a"A thesis submitted to the Faculty of Graduate Studies and Research in partial fulfilment of the requirements for the degree of Master of Science in Animal Nutition, Department of Animal Science."
=502  \\$bM. Sc.$cUniversity of Alberta$d1974.
=504  \\$aIncludes bibliographical references (pages 78-86).
=650  \0$aPiglets$xFeeding and feeds.
=650  \0$aPiglets$xNutrition$xRequirements.
=650  \0$aAnimal nutrition.
=710  2\$aUniversity of Alberta.$bDepartment of Animal Science.
=900  \\$aMK21079
=949  \\$zUAIN$zETHESIS

