=LDR  01320ntm a22003491i 4500
=001  uab09268914
=003  UAB
=005  20140913202900.0
=006  m|||||o||d||||||||
=007  cr||||||||||||
=008  140913t19741974xx\ad\\\obm\\\000\0\eng\d
=040  \\$aUAB$beng$erda$cUAB
=043  \\$an-cn-ab
=050  \4$aS592.6.P5$bP38 1974
=090  \\$aInternet Access$bAEU
=100  1\$aPaterson, Brent A.,$eauthor.
=245  10$aEffects of previously applied phosphorus on barley grown on Alberta soils /$cby Brent A. Paterson.
=264  \1$c[1974]
=264  \4$c1974
=300  \\$a1 online resource (ix, 76 pages) :$billustrations
=336  \\$atext$btxt$2rdacontent
=337  \\$acomputer$bc$2rdamedia
=338  \\$aonline resource$bcr$2rdacarrier
=500  \\$a"A thesis submitted to the Faculty of Graduate Studies and Research in partial fulfilment of the requirements for the degree of Master of Science, Department of Soil Science."
=502  \\$bM. Sc.$cUniversity of Alberta$d1974.
=504  \\$aIncludes bibliographical references (pages 59-65).
=650  \0$aSoils$xPhosphorus content$zCanada$zAlberta.
=650  \0$aSoils.
=650  \0$aSoils$xExperiments.
=650  \0$aPhosphatic fertilizers$zCanada$zAlberta.
=710  2\$aUniversity of Alberta.$bDepartment of Soil Science.
=900  \\$aMK21084
=949  \\$zUAIN$zETHESIS

