=LDR  01451ntm a22003611i 4500
=001  uab09268916
=003  UAB
=005  20140913204337.0
=006  m|||||o||d||||||||
=007  cr||||||||||||
=008  140913t19741974xx\ad\\\obm\\\000\0\eng\d
=040  \\$aUAB$beng$erda$cUAB
=050  \4$aQR201.B34$bP38 1974
=090  \\$aInternet Access$bAEU
=100  1\$aPatterson, Thomas Edward,$eauthor.
=245  10$aEffects of sub-minimal growth temperatures on the viability and injury of Staphylococcus aureus, Escherichia coli and Streptococcus faecalis /$cby Thomas Edward Patterson.
=264  \1$c[1974]
=264  \4$c1974
=300  \\$a1 online resource (xii, 73 pages) :$billustrations
=336  \\$atext$btxt$2rdacontent
=337  \\$acomputer$bc$2rdamedia
=338  \\$aonline resource$bcr$2rdacarrier
=500  \\$a"A thesis submitted to the Faculty of Graduate Studies and Research in partial fulfilment of the requirements for the degree of Master of Science in Food Microbiology, Department of Food Science."
=502  \\$bM. Sc.$cUniversity of Alberta$d1974.
=504  \\$aIncludes bibliographical references (pages 69-73).
=650  \0$aBacterial diseases.
=650  \0$aEnterococcus faecalis.
=650  \0$aStaphylococcus aureus.
=650  \0$aEscherichia coli.
=650  \0$aStreptococcus.
=650  \0$aTemperature$xPhysiological effect.
=710  2\$aUniversity of Alberta.$bDepartment of Food Science.
=900  \\$aMK21085
=949  \\$zUAIN$zETHESIS

