=LDR  01226ntm a22003371i 4500
=001  uab09268921
=003  UAB
=005  20140913205948.0
=006  m|||||o||d||||||||
=007  cr||||||||||||
=008  140913t19741974xx\ad\\\obm\\\000\0\eng\d
=040  \\$aUAB$beng$erda$cUAB
=050  \4$aHE5620.D75$bC2 1974
=090  \\$aInternet Access$bAEU
=100  1\$aQuinlan, Dawn Evelyn,$eauthor.
=245  10$aPersonality, perception and alcoholism /$cby Dawn Evelyn Quinlan.
=264  \1$c[1974]
=264  \4$c1974
=300  \\$a1 online resource (xv, 88 pages) :$billustrations
=336  \\$atext$btxt$2rdacontent
=337  \\$acomputer$bc$2rdamedia
=338  \\$aonline resource$bcr$2rdacarrier
=500  \\$a"A thesis submitted to the Faculty of Graduate Studies and Research in partial fulfilment of the requirements for the degree of Master of Science, Department of Psychology."
=502  \\$bM. Sc.$cUniversity of Alberta$d1974.
=504  \\$aIncludes bibliographical references (pages 63-71).
=650  \0$aDrunk driving$xResearch.
=650  \0$aAlcoholism.
=650  \0$aTraffic safety.
=650  \0$aPersonality assessment.
=710  2\$aUniversity of Alberta.$bDepartment of Psychology.
=900  \\$aMK21087
=949  \\$zUAIN$zETHESIS

