=LDR  01312ntm a22003491i 4500
=001  uab09268949
=003  UAB
=005  20140913224147.0
=006  m|||||o||d||||||||
=007  cr||||||||||||
=008  140913t19741974xx\ad\\\obm\\\000\0\eng\d
=040  \\$aUAB$beng$erda$cUAB
=050  \4$aTA418$b.S65 1974
=090  \\$aInternet Access$bAEU
=100  1\$aSmith, Peter Gordon,$eauthor.
=245  10$aStress analysis of anisotropic linearly elastic axisymmetric bodies /$cby Peter G. Smith.
=264  \1$c[1974]
=264  \4$c1974
=300  \\$a1 online resource (xiii, 108 pages) :$billustrations
=336  \\$atext$btxt$2rdacontent
=337  \\$acomputer$bc$2rdamedia
=338  \\$aonline resource$bcr$2rdacarrier
=500  \\$a"A thesis submitted to the Faculty of Graduate Studies and Research in partial fulfilment of the requirements for the degree of Master of Science, Department of Mechanical Engineering."
=502  \\$bM. Sc.$cUniversity of Alberta$d1974.
=504  \\$aIncludes bibliographical references (pages 71-73).
=650  \0$aAnisotropy.
=650  \0$aStrains and stresses.
=650  \0$aElasticity.
=650  \0$aMechanical engineering$xResearch.
=650  \0$aEngineering design.
=710  2\$aUniversity of Alberta.$bDepartment of Mechanical Engineering.
=900  \\$aMK21111
=949  \\$zUAIN$zETHESIS

