=LDR  01298ntm a22003491i 4500
=001  uab09268950
=003  UAB
=005  20140913230453.0
=006  m|||||o||d||||||||
=007  cr||||||||||||
=008  140913t19741974xx\abd\\obm\\\000\0\eng\d
=040  \\$aUAB$beng$erda$cUAB
=043  \\$an-cn---
=050  \4$aGB1229$b.S64 1974
=090  \\$aInternet Access$bAEU
=100  1\$aSperare, Beth,$eauthor.
=245  10$aStatistical analysis of plan and depth forms of three rivers /$cby sperare, beth.
=264  \1$c[1974]
=264  \4$c1974
=300  \\$a1 online resource (xix, 219 pages) :$billustrations, maps
=336  \\$atext$btxt$2rdacontent
=337  \\$acomputer$bc$2rdamedia
=338  \\$aonline resource$bcr$2rdacarrier
=500  \\$a"A thesis submitted to the Faculty of Graduate Studies and Research in partial fulfilment of the requirements for the degree of Master of Science in Department of Geography."
=502  \\$bM. Sc.$cUniversity of Alberta$d1974.
=504  \\$aIncludes bibliographical references (pages 179-184).
=650  \0$aStreamflow$zCanada.
=650  \0$aRivers$zCanada$xMathematical models.
=650  \0$aStochastic processes.
=650  \0$aStream measurements$zCanada.
=710  2\$aUniversity of Alberta.$bDepartment of Geography.
=900  \\$aMK21115
=949  \\$zUAIN$zETHESIS

