=LDR  01424ntm a22003731i 4500
=001  uab09268951
=003  UAB
=005  20140913232442.0
=006  m|||||o||d||||||||
=007  cr||||||||||||
=008  140913t19741974xx\\\\\\obm\\\000\0deng\d
=040  \\$aUAB$beng$erda$cUAB
=050  \4$aBF503$b.S74 1974
=090  \\$aInternet Access$bAEU
=100  1\$aSteele, Kenneth A.,$eauthor.
=245  12$aA test of Maslow's hierarchy of human needs :$bthe effect of acceptance by others on achievement-seeking behavior /$cby Kenneth A. Steele.
=264  \1$c[1974]
=264  \4$c1974
=300  \\$a1 online resource (vii, 39 pages)
=336  \\$atext$btxt$2rdacontent
=337  \\$acomputer$bc$2rdamedia
=338  \\$aonline resource$bcr$2rdacarrier
=500  \\$a"A thesis submitted to the Faculty of Graduate Studies and Research in partial fulfilment of the requirements for the degree of Master of Arts, Department of Sociology."
=502  \\$aM.A.$bUniversity of Alberta$d1974.
=504  \\$aIncludes bibliographical references (pages 27-29).
=600  10$aMaslow, Abraham H.$q(Abraham Harold)
=650  \0$aHumanistic psychology.
=650  \0$aSocial psychology$xResearch.
=650  \0$aNeed (Psychology)
=650  \0$aInterpersonal relations.
=650  \0$aMotivation (Psychology)
=650  \0$aHuman behavior$xResearch.
=710  2\$aUniversity of Alberta.$bDepartment of Sociology.
=900  \\$aMK21116
=949  \\$zUAIN$zETHESIS

