=LDR  01475ntm a22003371i 4500
=001  uab09268953
=003  UAB
=005  20140913234527.0
=006  m|||||o||d||||||||
=007  cr||||||||||||
=008  140913t19741974xx\b\\\\obm\\\000\0\eng\d
=040  \\$aUAB$beng$erda$cUAB
=043  \\$an-cn-ab
=050  \4$aRA790.7.C2$bS96 1974
=090  \\$aInternet Access$bAEU
=100  1\$aSynenko, Nicholas,$eauthor.
=245  13$aAn examination of the process of regionalizing the delivery of mental health services :$ba central Alberta perspective /$cby Nicholas Synenko.
=264  \1$c[1974]
=264  \4$c1974
=300  \\$a1 online resource (xiv, 165 pages) :$bmap
=336  \\$atext$btxt$2rdacontent
=337  \\$acomputer$bc$2rdamedia
=338  \\$aonline resource$bcr$2rdacarrier
=500  \\$a"A thesis submitted to the Faculty of Graduate Studies and Research in partial fulfilment of the requirements for the degree of Master of Health Services Administration, Division of Health Services Administration, Department of Community Medicine."
=502  \\$bMaster of Health Services Administration$cUniversity of Alberta$d1974.
=504  \\$aIncludes bibliographical references (pages 135-143).
=650  \0$aMental health planning$zCanada$zAlberta.
=650  \0$aCommunity mental health services$xAdministration.
=650  \0$aMental health services$zCanada$zAlberta.
=710  2\$aUniversity of Alberta.$bDepartment of Community Medicine.
=900  \\$aMK21120
=949  \\$zUAIN$zETHESIS

