=LDR  01302ntm a22003371i 4500
=001  uab09269425
=003  UAB
=005  20140915223348.0
=006  m|||||o||d||||||||
=007  cr||||||||||||
=008  140915t19741974xx\a\\\\obm\\\000\0\eng\d
=040  \\$aUAB$beng$erda$cUAB
=050  \4$aSB615.Q3$bV35 1974
=090  \\$aInternet Access$bAEU
=100  1\$aValgardson, D. R.,$eauthor.
=245  10$aInfluence of glyphosate and crop competition on control of quack grass Agropyron repens (L.) Beauv /$cby D.R. Valgardson.
=264  \1$c[1974]
=264  \4$c1974
=300  \\$a1 online resource (xiv, 94 pages) :$billustrations
=336  \\$atext$btxt$2rdacontent
=337  \\$acomputer$bc$2rdamedia
=338  \\$aonline resource$bcr$2rdacarrier
=500  \\$a"A thesis submitted to the Faculty of Graduate Studies and Research in partial fulfilment of the requirements for the degree of Master of Science in Weed Science and Crop Ecology, Department of Plant Science."
=502  \\$bM. Sc.$cUniversity of Alberta$d1974.
=504  \\$aIncludes bibliographical references (pages 90-94).
=650  \0$aQuitch-grass.
=650  \0$aWeeds$xControl.
=650  \0$aPlant competition.
=650  \0$aGlyphosate.
=710  2\$aUniversity of Alberta.$bDepartment of Plant Science.
=900  \\$aMK21130
=949  \\$zUAIN$zETHESIS

