=LDR  01352ntm a22003491i 4500
=001  uab09269369
=003  UAB
=005  20140915182146.0
=006  m|||||o||d||||||||
=007  cr||||||||||||
=008  140915t19741974xx\abd\\obm\\\000\0\eng\d
=040  \\$aUAB$beng$erda$cUAB
=050  \4$aHC79.I53$bN67 1974
=090  \\$aInternet Access$bAEU
=100  1\$aNorby, Reginald Richard,$eauthor.
=245  13$aAn evaluation of retail pork promotion by producers /$cReginald Richard Norby.
=264  \1$c[1974]
=264  \4$c1974
=300  \\$a1 online resource (xi, 157 pages) :$billustrations, maps
=336  \\$atext$btxt$2rdacontent
=337  \\$acomputer$bc$2rdamedia
=338  \\$aonline resource$bcr$2rdacarrier
=500  \\$a"A thesis submitted to the Faculty of Graduate Studies and Research in partial fulfilment of the requirements for the degree of Master of Science, Department of Agricultural Economics and Rural Sociology."
=502  \\$bM. Sc.$cUniversity of Alberta$d1974.
=504  \\$aIncludes bibliographical references (pages [132]-144).
=650  \0$aIndustrial promotion.
=650  \0$aMarketing.
=650  \0$aAdvertising.
=650  \0$aSales promotion.
=650  \0$aPork industry and trade$zAlberta.
=710  2\$aUniversity of Alberta.$bDepartment of Agricultural Economics and Rural Sociology.
=900  \\$aMK21920
=949  \\$zUAIN$zETHESIS

