=LDR  01329ntm a22003131i 4500
=001  uab09269383
=003  UAB
=005  20140915182146.0
=006  m|||||o||d||||||||
=007  cr||||||||||||
=008  140915t19741974xx\a\\\\obm\\\000\0dita\d
=040  \\$aUAB$beng$erda$cUAB
=050  \4$aPQ4664.V73$bA5437 1974
=090  \\$aInternet Access$bAEU
=100  1\$aPeruch, Nelly Antonio,$eauthor.
=245  12$aL'Angelica innamorata di Vincenzo Brusantino, seguito controriformistico dell'Orlando furioso /$cby Nelly Antonio Peruch.
=264  \1$c[1974]
=264  \4$c1974
=300  \\$a1 online resource (106 pages) :$billustrations
=336  \\$atext$btxt$2rdacontent
=337  \\$acomputer$bc$2rdamedia
=338  \\$aonline resource$bcr$2rdacarrier
=500  \\$a"A thesis submitted to the Faculty of Graduate Studies and Research in partial fulfilment of the requirements for the degree of Master of Arts, Department of Romance Languages."
=502  \\$bM.A.$cUniversity of Alberta$d1974.
=504  \\$aIncludes bibliographical references (pages 101-106).
=600  10$aBrusantino, Vincenzo.$tAngelica innamorata$xCriticism and interpretation.
=600  10$aBrusantino, Vincenzo.$tOrlando furioso$xCriticism and interpretation.
=710  2\$aUniversity of Alberta.$bDepartment of Romance Languages.
=900  \\$aMK21934
=949  \\$zUAIN$zETHESIS

