=LDR  01207ntm a22003011i 4500
=001  uab09269385
=003  UAB
=005  20140915182146.0
=006  m|||||o||d||||||||
=007  cr||||||||||||
=008  140915t19751975xx\\\\\\obm\\\000\0deng\d
=040  \\$aUAB$beng$erda$cUAB
=050  \4$aPG3948.V66$bZ824 1975
=090  \\$aInternet Access$bAEU
=100  1\$aPrynada-Demidenko, Chrystyna T.,$eauthor.
=245  10$aMarko Vovchok in Russian literary criticism of the nineteenth century /$cby Chrystyna T. Prynada-Demidenko.
=264  \1$c[1975]
=264  \4$c1975
=300  \\$a1 online resource (vii, 79 pages)
=336  \\$atext$btxt$2rdacontent
=337  \\$acomputer$bc$2rdamedia
=338  \\$aonline resource$bcr$2rdacarrier
=500  \\$a"A thesis submitted to the Faculty of Graduate Studies and Research in partial fulfilment of the requirements for the degree of Master of Arts, Department of Slavic Languages."
=502  \\$bM.A.$cUniversity of Alberta$d1974.
=504  \\$aIncludes bibliographical references (pages [74]-79).
=600  10$aVovchok, Marko,$d1834-1907$xCriticism and interpretation.
=710  2\$aUniversity of Alberta.$bDepartment of Slavic Languages.
=900  \\$aMK21943
=949  \\$zUAIN$zETHESIS

