=LDR  01150ntm a22003011i 4500
=001  uab09269388
=003  UAB
=005  20140915182146.0
=006  m|||||o||d||||||||
=007  cr||||||||||||
=008  140915t19741974xx\\\\\\obm\\\000\0\eng\d
=040  \\$aUAB$beng$erda$cUAB
=050  \4$aQA243$b.R36 1974
=090  \\$aInternet Access$bAEU
=100  1\$aRana, Paramjit Singh,$eauthor.
=245  10$aStatistical independence and distribution of quadratic forms in normal random variables /$cby Paramjit Singh Rana.
=264  \1$c[1974]
=264  \4$c1974
=300  \\$a1 online resource (vi, 69 pages)
=336  \\$atext$btxt$2rdacontent
=337  \\$acomputer$bc$2rdamedia
=338  \\$aonline resource$bcr$2rdacarrier
=500  \\$a"A thesis submitted to the Faculty of Graduate Studies and Research in partial fulfilment of the requirements for the degree of Master of Science, Department of Mathematics."
=502  \\$bM. Sc.$cUniversity of Alberta$d1974.
=504  \\$aIncludes bibliographical references (pages 67-69).
=650  \0$aForms, Quadratic.
=710  2\$aUniversity of Alberta.$bDepartment of Mathematics.
=900  \\$aMK21949
=949  \\$zUAIN$zETHESIS

