=LDR  01453ntm a22003491i 4500
=001  uab09269639
=003  UAB
=005  20140915182146.0
=006  m|||||o||d||||||||
=007  cr||||||||||||
=008  140915t19741974xx\a\\\\obm\\\000\0\eng\d
=040  \\$aUAB$beng$erda$cUAB
=043  \\$an-cn-ab$an-cn-sn
=050  \4$aHD9435.C23$bS65 1974
=090  \\$aInternet Access$bAEU
=100  1\$aSmith, Lyle,$eauthor.
=245  10$aMarket penetration of Alberta and Saskatchewan pork products into the Pacific region of the United States /$cby Lyle Dale Smith.
=264  \1$c[1974]
=264  \4$c1974
=300  \\$a1 online resource (xii, 183 pages) :$billustrations
=336  \\$atext$btxt$2rdacontent
=337  \\$acomputer$bc$2rdamedia
=338  \\$aonline resource$bcr$2rdacarrier
=500  \\$a"A thesis submitted to the Faculty of Graduate Studies and Research in partial fulfilment of the requirements for the degree of Master of Science, Department of Agricultural Economics and Rural Sociology."
=502  \\$bM. Sc.$cUniversity of Alberta$d1974.
=504  \\$aIncludes bibliographical references (pages 136-[142]).
=650  \0$aPork industry and trade$zAlberta.
=650  \0$aPork industry and trade$zSaskatchewan.
=650  \0$aForeign trade promotion$zAlberta.
=650  \0$aForeign trade promotion$zSaskatchewan.
=710  2\$aUniversity of Alberta.$bDepartment of Agricultural Economics and Rural Sociology.
=900  \\$aMK21975
=949  \\$zUAIN$zETHESIS

