=LDR  01159ntm a22003011i 4500
=001  uab09269764
=003  UAB
=005  20140915182146.0
=006  m|||||o||d||||||||
=007  cr||||||||||||
=008  140915t19741974xx\\\\\\obm\\\000\0dfre\d
=040  \\$aUAB$beng$erda$cUAB
=050  \4$aPQ2191.Z5$bW66 1974
=090  \\$aInternet Access$bAEU
=100  1\$aWood, Paul,$eauthor.
=245  14$aLes climats interieurs chez Baudelaire :$betude de quatre images /$cby Paul Wood.
=264  \1$c[1974]
=264  \4$c1974
=300  \\$a1 online resource (viii, 113 pages)
=336  \\$atext$btxt$2rdacontent
=337  \\$acomputer$bc$2rdamedia
=338  \\$aonline resource$bcr$2rdacarrier
=500  \\$a"A thesis submitted to the Faculty of Graduate Studies and Research in partial fulfilment of the requirements for the degree of Master of Arts, Department of Physics."
=502  \\$bM.A.$cUniversity of Alberta$d1974.
=504  \\$aIncludes bibliographical references (pages 111-113).
=600  10$aBaudelaire, Charles,$d1821-1867$xCriticism and interpretation.
=710  2\$aUniversity of Alberta.$bDepartment of Romance Languages.
=900  \\$aMK22010
=949  \\$zUAIN$zETHESIS

