=LDR  01209ntm a22003131i 4500
=001  uab09269699
=003  UAB
=005  20140916145203.0
=006  m|||||o||d||||||||
=007  cr||||||||||||
=008  140916t19751975xx\ad\\\obm\\\000\0\eng\d
=040  \\$aUAB$beng$erda$cUAB
=050  \4$aQP623.5.M47$bZ54 1975
=090  \\$aInternet Access$bAEU
=100  1\$aZmean, Joan A.,$eauthor.
=245  10$aAurintricarboxylic acid inhibition of mRNA:ribosome binding and phenylalanyl-tRNA synthetase reactions /$cby Joan A. Zmean.
=264  \1$c[1975]
=264  \4$c1975
=300  \\$a1 online resource (xii, [66] pages) :$billustrations
=336  \\$atext$btxt$2rdacontent
=337  \\$acomputer$bc$2rdamedia
=338  \\$aonline resource$bcr$2rdacarrier
=500  \\$a"A thesis submitted to the Faculty of Graduate Studies and Research in partial fulfilment of the requirements for the degree of Master of Science, Department of Biochemistry."
=502  \\$bM. Sc.$cUniversity of Alberta$d1975.
=504  \\$aIncludes bibliographical references (pages 65-[66]).
=650  \0$aMessenger RNA.
=650  \0$aTransfer RNA.
=710  2\$aUniversity of Alberta.$bDepartment of Biochemistry.
=900  \\$aMK24165
=949  \\$zUAIN$zETHESIS

