=LDR  01345ntm a22003491i 4500
=001  uab09269711
=003  UAB
=005  20140916150725.0
=006  m|||||o||d||||||||
=007  cr||||||||||||
=008  140916t19751975xx\b\\\\obm\\\000\0\eng\d
=040  \\$aUAB$beng$erda$cUAB
=043  \\$an-cn-ab
=050  \4$aPF5939$b.A44 1975
=090  \\$aInternet Access$bAEU
=100  1\$aAlexander, Gerda Isolde,$eauthor.
=245  10$aThree German dialects in Barrhead, Alberta :$bphonology and interference /$cby Gerda Isolde Alexander.
=264  \1$c[1975]
=264  \4$c1975
=300  \\$a1 online resource (x, [108] pages) :$bmaps
=336  \\$atext$btxt$2rdacontent
=337  \\$acomputer$bc$2rdamedia
=338  \\$aonline resource$bcr$2rdacarrier
=500  \\$a"A thesis submitted to the Faculty of Graduate Studies and Research in partial fulfilment of the requirements for the degree of Master of Arts, Department of Germanic Languages."
=502  \\$bM.A.$cUniversity of Alberta$d1975.
=504  \\$aIncludes bibliographical references (pages 97-99).
=650  \0$aGerman language$xDialects.
=650  \0$aInterference (Linguistics)
=650  \0$aImmigrants$zAlberta$xHistory.
=651  \0$aAlberta$xEmigration and immigration$xHistory.
=710  2\$aUniversity of Alberta.$bDepartment of Germanic Languages.
=900  \\$aMK26693
=949  \\$zUAIN$zETHESIS

