=LDR  01175ntm a22003131i 4500
=001  uab09270782
=003  UAB
=005  20140918143007.0
=006  m|||||o||d||||||||
=007  cr||||||||||||
=008  140918t19751975xx\\\\\\obm\\\000\0deng\d
=040  \\$aUAB$beng$erda$cUAB
=050  \4$aPR3614$b.A84 1975
=090  \\$aInternet Access$bAEU
=100  1\$aAshworth, Roger Warburton,$eauthor.
=245  12$aA unifying theme in the tradegies of Thomas Otway /$cby Roger Warburton Ashworth.
=264  \1$c[1975]
=264  \4$c1975
=300  \\$a1 online resource (vii, 79 pages)
=336  \\$atext$btxt$2rdacontent
=337  \\$acomputer$bc$2rdamedia
=338  \\$aonline resource$bcr$2rdacarrier
=500  \\$a"A thesis submitted to the Faculty of Graduate Studies and Research in partial fulfilment of the requirements for the degree of Master of Arts, Department of English."
=502  \\$bM.A.$cUniversity of Alberta$d1975.
=504  \\$aIncludes bibliographical references (pages 75-79).
=600  10$aOtway, Thomas,$d1652-1685$xCriticism and interpretation.
=650  \0$aTragedy.
=710  2\$aUniversity of Alberta.$bDepartment of English.
=900  \\$aMK26700
=949  \\$zUAIN$zETHESIS

