=LDR  01248ntm a22003131i 4500
=001  uab09270862
=003  UAB
=005  20140918152002.0
=006  m|||||o||d||||||||
=007  cr||||||||||||
=008  140918t19751975xx\ad\\\obm\\\000\0\eng\d
=040  \\$aUAB$beng$erda$cUAB
=050  \4$aRS431.B55$bB76 1975
=090  \\$aInternet Access$bAEU
=100  1\$aBrown, Robert G.,$eauthor.
=245  10$aPreparation and evaluation of electrolytically radioiodinated bleomycins /$cby Robert G. Brown.
=264  \1$c[1975]
=264  \4$c1975
=300  \\$a1 online resource (xvii, 161 pages) :$billustrations
=336  \\$atext$btxt$2rdacontent
=337  \\$acomputer$bc$2rdamedia
=338  \\$aonline resource$bcr$2rdacarrier
=500  \\$a"A thesis submitted to the Faculty of Graduate Studies and Research in partial fulfilment of the requirements for the degree of Master of Science in Radiopharmacy, Faculty of Pharmacy and Pharmaceutical Sciences."
=502  \\$bM. Sc.$cUniversity of Alberta$d1975.
=504  \\$aIncludes bibliographical references (pages 155-161).
=650  \0$aBleomycin.
=650  \0$aPharmaceutical chemistry.
=710  2\$aUniversity of Alberta.$bFaculty of Pharmacy and Pharmaceutical Sciences.
=900  \\$aMK26719
=949  \\$zUAIN$zETHESIS

