=LDR  01240ntm a22003131i 4500
=001  uab09270920
=003  UAB
=005  20140918165603.0
=006  m|||||o||d||||||||
=007  cr||||||||||||
=008  140918t19751975xx\\\\\\obm\\\000\0deng\d
=040  \\$aUAB$beng$erda$cUAB
=050  \4$aPR3457$b.B35 1975
=090  \\$aInternet Access$bAEU
=100  1\$aBaldwin, Margaret Stoneman,$eauthor.
=245  14$aThe targets and techniques of irony in Fielding's satire, Jonathan Wild /$cby Margaret Stoneman Baldwin.
=264  \1$c[1975]
=264  \4$c1975
=300  \\$a1 online resource (vii, 140 pages)
=336  \\$atext$btxt$2rdacontent
=337  \\$acomputer$bc$2rdamedia
=338  \\$aonline resource$bcr$2rdacarrier
=500  \\$a"A thesis submitted to the Faculty of Graduate Studies and Research in partial fulfilment of the requirements for the degree of Master of Arts, Department of English."
=502  \\$bM.A.$cUniversity of Alberta$d1975.
=504  \\$aIncludes bibliographical references (pages 130-140).
=600  10$aFielding, Henry,$d1707-1754$xCriticism and interpretation.
=600  10$aFielding, Henry,$d1707-1754.$tJonathan Wild.
=710  2\$aUniversity of Alberta.$bDepartment of English.
=900  \\$aMK26703
=949  \\$zUAIN$zETHESIS

