=LDR  01230ntm a22003251i 4500
=001  uab09270931
=003  UAB
=005  20140918173217.0
=006  m|||||o||d||||||||
=007  cr||||||||||||
=008  140918t19751975xx\a\\\\obm\\\000\0\eng\d
=040  \\$aUAB$beng$erda$cUAB
=050  \4$aQP552.C6$bC46 1975
=090  \\$aInternet Access$bAEU
=100  1\$aChovelon, Antoinette M.,$eauthor.
=245  14$aThe composition of the collagenous matrices of bovine predentine and cementum /$cby Antoinette M. Chovelon.
=264  \1$c[1975]
=264  \4$c1975
=300  \\$a1 online resource (xi, 122 pages) :$billustrations
=336  \\$atext$btxt$2rdacontent
=337  \\$acomputer$bc$2rdamedia
=338  \\$aonline resource$bcr$2rdacarrier
=500  \\$a"A thesis submitted to the Faculty of Graduate Studies and Research in partial fulfillment of the requirements for the degree of Master of Science in Oral Biology (Biochemistry), Faculty of Dentistry."
=502  \\$bM. Sc.$cUniversity of Alberta$d1975.
=504  \\$aIncludes bibliographical references (pages 102-122).
=650  \0$aCollagen.
=650  \0$aTeeth.
=650  \0$aDentine.
=710  2\$aUniversity of Alberta.$bFaculty of Dentistry.
=900  \\$aMK26728
=949  \\$zUAIN$zETHESIS

