=LDR  01277ntm a22003251i 4500
=001  uab09270937
=003  UAB
=005  20140918174520.0
=006  m|||||o||d||||||||
=007  cr||||||||||||
=008  140918t19751975xx\a\\\\obm\\\000\0\eng\d
=040  \\$aUAB$beng$erda$cUAB
=050  \4$aLB1051$b.C73 1975
=090  \\$aInternet Access$bAEU
=100  1\$aCraig, Philip Colville,$eauthor.
=245  14$aThe socio-psychological effects of modified, cooperation-oriented game environments on elementary schoolchildren /$cby Philip Colville Craig.
=264  \1$c[1975]
=264  \4$c1975
=300  \\$a1 online resource (xiv, 126 pages) :$billustrations
=336  \\$atext$btxt$2rdacontent
=337  \\$acomputer$bc$2rdamedia
=338  \\$aonline resource$bcr$2rdacarrier
=500  \\$a"A thesis submitted to the Faculty of Graduate Studies and Research in partial fulfilment of the requirements for the degree of Master of Arts, Department of Physical Education."
=502  \\$bM.A.$cUniversity of Alberta$d1975.
=504  \\$aIncludes bibliographical references (pages 89-97).
=650  \0$aEducational psychology.
=650  \0$aChild psychology.
=650  \0$aTeam sports.
=710  2\$aUniversity of Alberta.$bDepartment of Physical Education.
=900  \\$aMK26737
=949  \\$zUAIN$zETHESIS

