=LDR  01253ntm a22003131i 4500
=001  uab09270946
=003  UAB
=005  20140918181342.0
=006  m|||||o||d||||||||
=007  cr||||||||||||
=008  140918t19751975xx\ad\\\obm\\\000\0\eng\d
=040  \\$aUAB$beng$erda$cUAB
=050  \4$aS594.5$b.W66 1975
=090  \\$aInternet Access$bAEU
=100  1\$aWong, Boon-Keng,$eauthor.
=245  14$aThe ground temperature regime and its relationship to soil properties, surface cover and environmental boundary conditions /$cby Wong Boon-Keng.
=264  \1$c[1975]
=264  \4$c1975
=300  \\$a1 online resource (xviii, 165 pages) :$billustrations
=336  \\$atext$btxt$2rdacontent
=337  \\$acomputer$bc$2rdamedia
=338  \\$aonline resource$bcr$2rdacarrier
=500  \\$a"A thesis submitted to the Faculty of Graduate Studies and Research in partial fulfilment of the requirements for the degree of Master of Science, Department of Mechanical Engineering."
=502  \\$bM. Sc.$cUniversity of Alberta$d1975.
=504  \\$aIncludes bibliographical references (pages 141-146).
=650  \0$aSoil temperature.
=650  \0$aSoil mechanics.
=710  2\$aUniversity of Alberta.$bDepartment of Mechanical Engineering.
=900  \\$aMK24159
=949  \\$zUAIN$zETHESIS

