=LDR  01237ntm a22003131i 4500
=001  uab09270952
=003  UAB
=005  20140918183202.0
=006  m|||||o||d||||||||
=007  cr||||||||||||
=008  140918t19751975xx\a\\\\obm\\\000\0\eng\d
=040  \\$aUAB$beng$erda$cUAB
=050  \4$aQD341.C93$bY36 1975
=090  \\$aInternet Access$bAEU
=100  1\$aYao, Patrick Chi-Lin,$eauthor.
=245  10$aI. A-carbalkoxymethylation of conjugated enones via cyclobutane intermediates :$bII. Some synthetic studies of isolongifolene /$cby Patrick Chi-Lin Yao.
=264  \1$c[1975]
=264  \4$c1975
=300  \\$a1 online resource (viii, 55 pages) :$billustrations
=336  \\$atext$btxt$2rdacontent
=337  \\$acomputer$bc$2rdamedia
=338  \\$aonline resource$bcr$2rdacarrier
=500  \\$a"A thesis submitted to the Faculty of Graduate Studies and Research in partial fulfilment of the requirements for the degree of Master of Science, Department of Chemistry."
=502  \\$bM. Sc.$cUniversity of Alberta$d1975.
=504  \\$aIncludes bibliographical references (pages 54-55).
=650  \0$aCyclobutane.
=650  \0$aCarbonyl compounds.
=710  2\$aUniversity of Alberta.$bDepartment of Chemistry.
=900  \\$aMK24164
=949  \\$zUAIN$zETHESIS

