=LDR  01181ntm a22003131i 4500
=001  uab09270964
=003  UAB
=005  20140918190925.0
=006  m|||||o||d||||||||
=007  cr||||||||||||
=008  140918t19751975xx\ad\\\obm\\\000\0\eng\d
=040  \\$aUAB$beng$erda$cUAB
=050  \4$aQC168.85.M53$bB35 1975
=090  \\$aInternet Access$bAEU
=100  1\$aBaldwin, Richard E.,$eauthor.
=245  12$aA theoretical model for cave air flow :$bthe chimney effect /$cby Richard E. Baldwin.
=264  \1$c[1975]
=264  \4$c1975
=300  \\$a1 online resource (ix, 134 pages) :$billustrations
=336  \\$atext$btxt$2rdacontent
=337  \\$acomputer$bc$2rdamedia
=338  \\$aonline resource$bcr$2rdacarrier
=500  \\$a"A thesis submitted to the Faculty of Graduate Studies and Research in partial fulfilment of the requirements for the degree of Master of Science, Department of Geography."
=502  \\$bM. Sc.$cUniversity of Alberta$d1975.
=504  \\$aIncludes bibliographical references (pages 91-94).
=650  \0$aGases$xMigration.
=650  \0$aAtmospheric temperature.
=710  2\$aUniversity of Alberta.$bDepartment of Geography.
=900  \\$aMK26704
=949  \\$zUAIN$zETHESIS

