=LDR  01260ntm a22003131i 4500
=001  uab09270974
=003  UAB
=005  20140918194527.0
=006  m|||||o||d||||||||
=007  cr||||||||||||
=008  140918t19761976xx\ad\\\obm\\\000\0\eng\d
=040  \\$aUAB$beng$erda$cUAB
=050  \4$aQP752.F35$bC65 1976
=090  \\$aInternet Access$bAEU
=100  1\$aColeman, Richard Nigel,$eauthor.
=245  14$aThe microbiology of long chain fatty acid degradation in the North Saskatchewan River /$cby Richard Nigel Coleman.
=264  \1$c[1976]
=264  \4$c1976
=300  \\$a1 online resource (xvi, 141pages) :$billustrations
=336  \\$atext$btxt$2rdacontent
=337  \\$acomputer$bc$2rdamedia
=338  \\$aonline resource$bcr$2rdacarrier
=500  \\$a"A thesis submitted to the Faculty of Graduate Studies and Research in partial fulfilment of the requirements for the degree of Master of Science, Department of Microbiology, Faculty of Science."
=502  \\$bM. Sc.$cUniversity of Alberta$d1975.
=504  \\$aIncludes bibliographical references (pages 136-141).
=650  \0$aFatty acids$xAnalysis.
=650  \0$aWater$xMicrobiology.
=710  2\$aUniversity of Alberta.$bDepartment of Microbiology.$bFaculty of Science.
=900  \\$aMK26734
=949  \\$zUAIN$zETHESIS

