=LDR  01183ntm a22003251i 4500
=001  uab09269825
=003  UAB
=005  20140916165934.0
=006  m|||||o||d||||||||
=007  cr||||||||||||
=008  140916t19761976xx\\\\\\obm\\\000\0\eng\d
=040  \\$aUAB$beng$erda$cUAB
=050  \4$aQA433$b.D86 1976
=090  \\$aInternet Access$bAEU
=100  1\$aDumais, Jean-Francois,$eauthor.
=245  10$aDirac spinor kinematics /$cby Jean-Francois Dumais.
=264  \1$c[1976]
=264  \4$c1976
=300  \\$a1 online resource (x, 91 pages)
=336  \\$atext$btxt$2rdacontent
=337  \\$acomputer$bc$2rdamedia
=338  \\$aonline resource$bcr$2rdacarrier
=500  \\$a"A thesis submitted to the Faculty of Graduate Studies and Research in partial fulfilment of the requirements for the degree of Master of Science in Theoretical Physics, Department of Physics."
=502  \\$bM. Sc.$cUniversity of Alberta$d1975.
=504  \\$aIncludes bibliographical references (page 91).
=590  \\$aLibrary copy imperfect: faded throughout.
=650  \0$aSpinor analysis.
=650  \0$aKinematics.
=710  2\$aUniversity of Alberta.$bDepartment of Physics.
=900  \\$aMK26747
=949  \\$zUAIN$zETHESIS

