=LDR  01161ntm a22003011i 4500
=001  uab09271180
=003  UAB
=005  20140916165934.0
=006  m|||||o||d||||||||
=007  cr||||||||||||
=008  140916t19751975xx\ad\\\obm\\\000\0\eng\d
=040  \\$aUAB$beng$erda$cUAB
=050  \4$aQB135$b.F56 1975
=090  \\$aInternet Access$bAEU
=100  1\$aFinley, Gary Pearce,$eauthor.
=245  14$aThe design, construction and operation of a photon-counting astronomical photometers /$cby Gary Pearce Finley.
=264  \1$c[1975]
=264  \4$c1975
=300  \\$a1 online resource (ix, 79 pages) :$billustrations
=336  \\$atext$btxt$2rdacontent
=337  \\$acomputer$bc$2rdamedia
=338  \\$aonline resource$bcr$2rdacarrier
=500  \\$a"A thesis submitted to the Faculty of Graduate Studies and Research in partial fulfilment of the requirements for the degree of Master of Science, Department of Physics."
=502  \\$bM. Sc.$cUniversity of Alberta$d1975.
=504  \\$aIncludes bibliographical references (pages 78-79).
=650  \0$aAstronomical photometry.
=710  2\$aUniversity of Alberta.$bDepartment of Physics.
=900  \\$aMK26754
=949  \\$zUAIN$zETHESIS

