=LDR  01175ntm a22003011i 4500
=001  uab09271204
=003  UAB
=005  20140916165934.0
=006  m|||||o||d||||||||
=007  cr||||||||||||
=008  140916t19751975xx\\\\\\obm\\\000\0deng\d
=040  \\$aUAB$beng$erda$cUAB
=050  \4$aPT2607.I6$bZ623 1975
=090  \\$aInternet Access$bAEU
=100  1\$aFoot, Margaret,$eauthor.
=245  14$aThe individual and society in Hans Fallada's socially critical novels /$cby Margaret Foot.
=264  \1$c[1975]
=264  \4$c1975
=300  \\$a1 online resource (vi, 113 pages)
=336  \\$atext$btxt$2rdacontent
=337  \\$acomputer$bc$2rdamedia
=338  \\$aonline resource$bcr$2rdacarrier
=500  \\$a"A thesis submitted to the Faculty of Graduate Studies and Research in partial fulfilment of the requirements for the degree of Master of Arts, Department of Germanic Languages."
=502  \\$bM.A.$cUniversity of Alberta$d1975.
=504  \\$aIncludes bibliographical references (pages 104-113).
=600  10$aFallada, Hans,$d1893-1947$xCriticism and interpretation.
=710  2\$aUniversity of Alberta.$bDepartment of Germanic Languages.
=900  \\$aMK26755
=949  \\$zUAIN$zETHESIS

