=LDR  01259ntm a22003251i 4500
=001  uab09271209
=003  UAB
=005  20140916165934.0
=006  m|||||o||d||||||||
=007  cr||||||||||||
=008  140916t19751975xx\abd\\obm\\\000\0\eng\d
=040  \\$aUAB$beng$erda$cUAB
=050  \4$aSF810.N4$bG38 1975
=090  \\$aInternet Access$bAEU
=100  1\$aGates, Charles Cormack,$eauthor.
=245  10$aAspects of the environment -- lungworm (Nematoda, Metastrongyloidea) -- bighorn sheep (Ovis C. Canadensis) system /$cby Charles Cormack Gates.
=264  \1$c[1975]
=264  \4$c1975
=300  \\$a1 online resource (x, 55 pages) :$billustrations, maps
=336  \\$atext$btxt$2rdacontent
=337  \\$acomputer$bc$2rdamedia
=338  \\$aonline resource$bcr$2rdacarrier
=500  \\$a"A thesis submitted to the Faculty of Graduate Studies and Research in partial fulfilment of the requirements for the degree of Master of Science, Department of Zoology."
=502  \\$bM. Sc.$cUniversity of Alberta$d1975.
=504  \\$aIncludes bibliographical references (pages 49-55).
=650  \0$aNematodes.
=650  \0$aMammals$xParasites.
=650  \0$aSheep$xParasites.
=710  2\$aUniversity of Alberta.$bDepartment of Zoology.
=900  \\$aMK26757
=949  \\$zUAIN$zETHESIS

