=LDR  01201ntm a22003251i 4500
=001  uab09271220
=003  UAB
=005  20140916165934.0
=006  m|||||o||d||||||||
=007  cr||||||||||||
=008  140916t19751975xx\a\\\\obm\\\000\0\eng\d
=040  \\$aUAB$beng$erda$cUAB
=043  \\$an------
=050  \4$aGV847$b.G53 1975
=090  \\$aInternet Access$bAEU
=100  1\$aGibson, Jack M.,$eauthor.
=245  10$aAggression and violent roles in hockey /$cby Jack M. Gibson.
=264  \1$c[1975]
=264  \4$c1975
=300  \\$a1 online resource (xii, 195 pages) :$billustrations
=336  \\$atext$btxt$2rdacontent
=337  \\$acomputer$bc$2rdamedia
=338  \\$aonline resource$bcr$2rdacarrier
=500  \\$a"A thesis submitted to the Faculty of Graduate Studies and Research in partial fulfilment of the requirements for the degree of Master of Arts, Department of Physical Education."
=502  \\$bM.A.$cUniversity of Alberta$d1975.
=504  \\$aIncludes bibliographical references (pages 176-188).
=650  \0$aHockey$zNorth America.
=650  \0$aViolence in sports$zNorth America.
=710  2\$aUniversity of Alberta.$bDepartment of Physical Education.
=900  \\$aMK26760
=949  \\$zUAIN$zETHESIS

