=LDR  01107ntm a22003011i 4500
=001  uab09271228
=003  UAB
=005  20140916165934.0
=006  m|||||o||d||||||||
=007  cr||||||||||||
=008  140916t19751975xx\ad\\\obm\\\000\0\eng\d
=040  \\$aUAB$beng$erda$cUAB
=050  \4$aRM666.E58$bG65 1975
=090  \\$aInternet Access$bAEU
=100  1\$aGolko, Donald,$eauthor.
=245  14$aThe transport of ephedrine by rabbit atria /$cby Donald Golko.
=264  \1$c[1975]
=264  \4$c1975
=300  \\$a1 online resource (xii, 83 pages) :$billustrations
=336  \\$atext$btxt$2rdacontent
=337  \\$acomputer$bc$2rdamedia
=338  \\$aonline resource$bcr$2rdacarrier
=500  \\$a"A thesis submitted to the Faculty of Graduate Studies and Research in partial fulfilment of the requirements for the degree of Master of Science, Department of Pharmacology."
=502  \\$bM. Sc.$cUniversity of Alberta$d1975.
=504  \\$aIncludes bibliographical references (pages 71-83).
=650  \0$aEphedrine.
=710  2\$aUniversity of Alberta.$bDepartment of Pharmacology.
=900  \\$aMK26763
=949  \\$zUAIN$zETHESIS

