=LDR  01230ntm a22003131i 4500
=001  uab09271231
=003  UAB
=005  20140916165934.0
=006  m|||||o||d||||||||
=007  cr||||||||||||
=008  140916t19751975xx\adf\\obm\\\000\0\eng\d
=040  \\$aUAB$beng$erda$cUAB
=050  \4$aQL668.C2$bH33 1975
=090  \\$aInternet Access$bAEU
=100  1\$aHaag, Margaret E. C.,$eauthor.
=245  10$aHistological and physiological effects of diesel oil fractions on Ambystoma tigrinum /$cby Margaret E.C. Haag.
=264  \1$c[1975]
=264  \4$c1975
=300  \\$a1 online resource (xi, 113 pages) :$billustrations
=336  \\$atext$btxt$2rdacontent
=337  \\$acomputer$bc$2rdamedia
=338  \\$aonline resource$bcr$2rdacarrier
=500  \\$a"A thesis submitted to the Faculty of Graduate Studies and Research in partial fulfilment of the requirements for the degree of Master of Science, Department of Zoology."
=502  \\$bM. Sc.$cUniversity of Alberta$d1975.
=504  \\$aIncludes bibliographical references (pages 89-98).
=650  \0$aTiger salamander$xLarvae$xPhysiology.
=650  \0$aDiesel fuels$xPhysiological effect.
=710  2\$aUniversity of Alberta.$bDepartment of Zoology.
=900  \\$aMK26766
=949  \\$zUAIN$zETHESIS

