=LDR  01138ntm a22003131i 4500
=001  uab09271239
=003  UAB
=005  20140916165934.0
=006  m|||||o||d||||||||
=007  cr||||||||||||
=008  140916t19751975xx\g\\\\om\\\\000\0\eng\d
=040  \\$aUAB$beng$erda$cUAB
=043  \\$af------
=050  \4$aPL8010.4$b.H36 1975
=090  \\$aInternet Access$bAEU
=100  1\$aHannah, Ronald,$d1945-$eauthor.
=245  14$aThe shrine of Kotje for chorus and orchestra /$cby Ronald Albert Hannah.
=264  \1$c[1975]
=264  \4$c1975
=300  \\$a1 online resource (xxxi, 104 pages) :$bmusic
=336  \\$atext$btxt$2rdacontent
=337  \\$acomputer$bc$2rdamedia
=338  \\$aonline resource$bcr$2rdacarrier
=500  \\$a"A thesis submitted to the Faculty of Graduate Studies and Research in partial fulfilment of the requirements for the degree of Master of Music in Composition, Department of Music."
=502  \\$bMaster of Music$cUniversity of Alberta$d1975.
=650  \0$aAfrican poetry$xMusical settings.
=650  \0$aMusic$zAfrica.
=710  2\$aUniversity of Alberta.$bDepartment of Music.
=900  \\$aMK26771
=949  \\$zUAIN$zETHESIS

