=LDR  01229ntm a22003131i 4500
=001  uab09271255
=003  UAB
=005  20140916165934.0
=006  m|||||o||d||||||||
=007  cr||||||||||||
=008  140916t19751975xx\a\\\\obm\\\000\0\eng\d
=040  \\$aUAB$beng$erda$cUAB
=050  \4$aGV436$b.J63 1975
=090  \\$aInternet Access$bAEU
=100  1\$aJobin, Jean,$d1949-$eauthor.
=245  12$aA battery of skill tests :$bits value to predict performance of 8 year old boys in ice hockey /$cby Jean Jobin.
=264  \1$c[1975]
=264  \4$c1975
=300  \\$a1 online resource (ix, 128 pages) :$billustrations
=336  \\$atext$btxt$2rdacontent
=337  \\$acomputer$bc$2rdamedia
=338  \\$aonline resource$bcr$2rdacarrier
=500  \\$a"A thesis submitted to the Faculty of Graduate Studies and Research in partial fulfilment of the requirements for the degree of Master of Science, Department of Physical Education."
=502  \\$bM. Sc.$cUniversity of Alberta$d1975.
=504  \\$aIncludes bibliographical references (pages 77-82).
=650  \0$aPhysical fitness$xTesting.
=650  \0$aAthletic ability$xTesting.
=710  2\$aUniversity of Alberta.$bDepartment of Physical Education.
=900  \\$aMK26790
=949  \\$zUAIN$zETHESIS

