=LDR  01210ntm a22003131i 4500
=001  uab09271258
=003  UAB
=005  20140916165934.0
=006  m|||||o||d||||||||
=007  cr||||||||||||
=008  140916t19751975xx\\\\\\obm\\\000\0\eng\d
=040  \\$aUAB$beng$erda$cUAB
=050  \4$aGV706.4$b.K46 1975
=090  \\$aInternet Access$bAEU
=100  1\$aKennedy, Linda Marie,$eauthor.
=245  10$aMother-daughter relationships and their influence on female sport socialization /$cby Linda Marie Kennedy.
=264  \1$c[1975]
=264  \4$c1975
=300  \\$a1 online resource (viii, 217 pages)
=336  \\$atext$btxt$2rdacontent
=337  \\$acomputer$bc$2rdamedia
=338  \\$aonline resource$bcr$2rdacarrier
=500  \\$a"A thesis submitted to the Faculty of Graduate Studies and Research in partial fulfilment of the requirements for the degree of Master of Arts, Department of Physical Education."
=502  \\$bM.A.$cUniversity of Alberta$d1975.
=504  \\$aIncludes bibliographical references (pages 203-212).
=650  \0$aSports$xPsychological aspects.
=650  \0$aMothers and daughters.
=710  2\$aUniversity of Alberta.$bDepartment of Physical Education.
=900  \\$aMK26797
=949  \\$zUAIN$zETHESIS

