=LDR  01368ntm a22003491i 4500
=001  uab09270938
=003  UAB
=005  20140918174816.0
=006  m|||||o||d||||||||
=007  cr||||||||||||
=008  140918t19751975xx\a\\\\obm\\\000\0deng\d
=040  \\$aUAB$beng$erda$cUAB
=043  \\$ae-gx---
=050  \4$aML410.H35$bW55 1975
=090  \\$aInternet Access$bAEU
=100  1\$aWilson, Patricia Elizabeth,$eauthor.
=245  12$aL'Olimpiade of Johann Adolph Hasse /$cby Patricia Elizabeth Wilson.
=264  \1$c[1975]
=264  \4$c1975
=300  \\$a1 online resource (129 pages) :$billustrations, music
=336  \\$atext$btxt$2rdacontent
=337  \\$acomputer$bc$2rdamedia
=338  \\$aonline resource$bcr$2rdacarrier
=500  \\$a"A thesis submitted to the Faculty of Graduate Studies and Research in partial fulfilment of the requirements for the degree of Master of Music in Music History and Literature, Department of Music."
=502  \\$bM.Mus.$cUniversity of Alberta$d1975.
=504  \\$aIncludes bibliographical references (pages 68-70).
=600  10$aHasse, Johann Adolf,$d1699-1783$xCriticism and interpretation.
=600  10$aHasse, Johann Adolf,$d1699-1783.$tOlimpiade.
=650  \0$aOpera$zGermany$zDresden$y18th century.
=650  \0$aOperas$vScores.
=710  2\$aUniversity of Alberta.$bDepartment of Music.
=900  \\$aMK26957
=949  \\$zUAIN$zETHESIS

