=LDR  01415ntm a22003851i 4500
=001  uab09271175
=003  UAB
=005  20140919121324.0
=006  m|||||o||d||||||||
=007  cr||||||||||||
=008  140919t19761976xx\ad\\\obm\\\000\0\eng\d
=040  \\$aUAB$beng$erda$cUAB
=043  \\$an-cn---
=050  \4$aSF205$b.A33 1976
=090  \\$aInternet Access$bAEU
=100  1\$aAdam, Michael,$eauthor.
=245  10$aFactors associated with calving difficulty and its effect on calf performance /$cby Michael Adam.
=264  \1$c[1976]
=264  \4$c1976
=300  \\$a1 online resource (114 pages) :$billustrations
=336  \\$atext$btxt$2rdacontent
=337  \\$acomputer$bc$2rdamedia
=338  \\$aonline resource$bcr$2rdacarrier
=500  \\$a"A thesis submitted to the Faculty of Graduate Studies and Research in partial fulfilment of the requirements for the degree of Master of Science in Animal Genetics, Department of Animal Science."
=502  \\$bM. Sc.$cUniversity of Alberta$d1976.
=504  \\$aIncludes bibliographical references (pages 91-97).
=650  \0$aCattle$xParturition.
=650  \0$aCows$xResearch.
=650  \0$aCattle$xBreeding$zCanada.
=650  \0$aLimousin cattle$zCanada.
=650  \0$aChiana cattle.
=650  \0$aCow testing$xSocieties, etc.
=650  \0$aCalves$zCanada.
=710  2\$aUniversity of Alberta.$bDepartment of Animal Science.
=900  \\$aMK27596
=949  \\$zUAIN$zETHESIS

