=LDR  01549ntm a22004091i 4500
=001  uab09271217
=003  UAB
=005  20140919125353.0
=006  m|||||o||d||||||||
=007  cr||||||||||||
=008  140919t19761976xx\adf\\obm\\\000\0\eng\d
=040  \\$aUAB$beng$erda$cUAB
=050  \4$aTK315$b.A45 1976
=090  \\$aInternet Access$bAEU
=100  1\$aAllan, Andrew Rodney,$eauthor.
=245  10$aRegeneration electrode impedance analysis and recording amplification method /$cby Andrew Rodney Allan.
=264  \1$c[1976]
=264  \4$c1976
=300  \\$a1 online resource (105 pages) :$billustrations
=336  \\$atext$btxt$2rdacontent
=337  \\$acomputer$bc$2rdamedia
=338  \\$aonline resource$bcr$2rdacarrier
=500  \\$a"A thesis submitted to the Faculty of Graduate Studies and Research in partial fulfilment of the requirements for the degree of Master of Science, Department of Electrical Engineering."
=502  \\$bM. Sc.$cUniversity of Alberta$d1976.
=504  \\$aIncludes bibliographical references (pages 96-98).
=650  \0$aElectrophysiology.
=650  \0$aElectrical engineering$xResearch.
=650  \0$aElectrodes.
=650  \0$aBiomedical engineering.
=650  \0$aElectrochemistry.
=650  \0$aBiotechnology.
=650  \0$aNerve tissue.
=650  \0$aAmplifiers (Electronics)
=650  \0$aOperational amplifiers$xDesign and construction.
=650  \0$aImpedance (Electricity)$xMeasurement.
=710  2\$aUniversity of Alberta.$bDepartment of Electrical Engineering.
=900  \\$aMK27598
=949  \\$zUAIN$zETHESIS

