=LDR  01422ntm a22004091i 4500
=001  uab09271341
=003  UAB
=005  20140919152223.0
=006  m|||||o||d||||||||
=007  cr||||||||||||
=008  140919t19761976xx\\\\\\obm\\\000\0\eng\d
=040  \\$aUAB$beng$erda$cUAB
=050  \4$aQA641$b.B39 1976
=090  \\$aInternet Access$bAEU
=100  1\$aBaxter, John M.,$eauthor.
=245  10$aGeometry, rigid bodies and constrained motion /$cby John M. Baxter.
=264  \1$c[1976]
=264  \4$c1976
=300  \\$a1 online resource (150 pages)
=336  \\$atext$btxt$2rdacontent
=337  \\$acomputer$bc$2rdamedia
=338  \\$aonline resource$bcr$2rdacarrier
=500  \\$a"A thesis submitted to the Faculty of Graduate Studies and Research in partial fulfilment of the requirements for the degree of Master of Science, Department of Mathematics."
=502  \\$bM. Sc.$cUniversity of Alberta$d1976.
=504  \\$aIncludes bibliographical references (pages 138-143).
=650  \0$aGeometry, Differential.
=650  \0$aMechanics.
=650  \0$aConstraints (Physics)$xMotion.
=650  \0$aConstraints (Physics)
=650  \0$aDynamics, Rigid.
=650  \0$aEquations of motion.
=650  \0$aGeometry$xResearch.
=650  \0$aSpace and time.
=650  \0$aGeneral relativity (Physics)
=650  \0$aMotion.
=710  2\$aUniversity of Alberta.$bDepartment of Mathematics.
=900  \\$aMK27609
=949  \\$zUAIN$zETHESIS

