=LDR  01282ntm a22003371i 4500
=001  uab09271372
=003  UAB
=005  20140919154719.0
=006  m|||||o||d||||||||
=007  cr||||||||||||
=008  140919t19761976xx\a\\\\obm\\\000\0deng\d
=040  \\$aUAB$beng$erda$cUAB
=050  \4$aML410.P865$bB47 1976
=090  \\$aInternet Access$bAEU
=100  1\$aBerka, Zdenka,$eauthor.
=245  10$aThemes of Prokofiev's early period :$ba melodic analysis /$cby Zdenka Berka.
=264  \1$c[1976]
=264  \4$c1976
=300  \\$a1 online resource (181 pages) :$billustrations, music
=336  \\$atext$btxt$2rdacontent
=337  \\$acomputer$bc$2rdamedia
=338  \\$aonline resource$bcr$2rdacarrier
=500  \\$a"A thesis submitted to the Faculty of Graduate Studies and Research in partial fulfilment of the requirements for the degree of Master of Music in Music Theory, the Department of Music."
=502  \\$bMaster of Music$cUniversity of Alberta$d1976.
=504  \\$aIncludes bibliographical references (pages 179-181).
=600  10$aProkofiev, Sergey,$d1891-1953$xCriticism and interpretation.
=650  \0$aMelodic analysis.
=650  \0$aMelody.
=650  \0$aMusical analysis.
=710  2\$aUniversity of Alberta.$bDepartment of Music.
=900  \\$aMK27614
=949  \\$zUAIN$zETHESIS

