=LDR  01511ntm a22003971i 4500
=001  uab09271383
=003  UAB
=005  20140919161020.0
=006  m|||||o||d||||||||
=007  cr||||||||||||
=008  140919t19761976xx\ad\\\obm\\\000\0\eng\d
=040  \\$aUAB$beng$erda$cUAB
=050  \4$aRC386.6.E43$b.B65 1976
=090  \\$aInternet Access$bAEU
=100  1\$aBo-lassen, Peter Christian,$eauthor.
=245  12$aA study of EEG asymmetries related to hemispheric dominance in normals and psychotics /$cby Peter Christian Bo-lassen.
=264  \1$c[1976]
=264  \4$c1976
=300  \\$a1 online resource (144 pages) :$billustrations
=336  \\$atext$btxt$2rdacontent
=337  \\$acomputer$bc$2rdamedia
=338  \\$aonline resource$bcr$2rdacarrier
=500  \\$a"A thesis submitted to the Faculty of Graduate Studies and Research in partial fulfilment of the requirements for the degree of Master of Science, Department of Electrical Engineering."
=502  \\$bM. Sc.$cUniversity of Alberta$d1976.
=504  \\$aIncludes bibliographical references (pages 137-144).
=650  \0$aElectroencephalography$xData processing.
=650  \0$aCerebral dominance.
=650  \0$aCerebral hemispheres.
=650  \0$aLaterality.
=650  \0$aBrain$xLocalization of functions.
=650  \0$aManic-depressive illness.
=650  \0$aMental illness.
=650  \0$aPsychoses.
=650  \0$aSchizophrenia.
=710  2\$aUniversity of Alberta.$bDepartment of Electrical Engineering.
=900  \\$aMK27618
=949  \\$zUAIN$zETHESIS

