=LDR  01254ntm a22003251i 4500
=001  uab09271746
=003  UAB
=005  20140922124916.0
=006  m|||||o||d||||||||
=007  cr||||||||||||
=008  140922t19761976xx\ad\\\obm\\\000\0\eng\d
=040  \\$aUAB$beng$erda$cUAB
=050  \4$aRC455.2.P85$bB76 1976
=090  \\$aInternet Access$bAEU
=100  1\$aBrockman, Joan,$eauthor.
=245  10$aAre attitudes toward the mentally ill changing :$ba return to the baseline towns /$cby Joan Brockman.
=264  \1$c[1976]
=264  \4$c1976
=300  \\$a1 online resource (xiii, 155 pages) :$billustrations
=336  \\$atext$btxt$2rdacontent
=337  \\$acomputer$bc$2rdamedia
=338  \\$aonline resource$bcr$2rdacarrier
=500  \\$a"A thesis submitted to the Faculty of Graduate Studies and Research in partial fulfilment of the requirements for the degree of Master of Arts, Department of Sociology."
=502  \\$bM.A.$cUniversity of Alberta$d1976.
=504  \\$aIncludes bibliographical references (pages 147-155).
=650  \0$aMental illness$xPublic opinion.
=650  \0$aStigma (Social psychology)
=650  \0$aAttitude (Psychology)$xTesting.
=710  2\$aUniversity of Alberta.$bDepartment of Sociology.
=900  \\$aMK27621
=949  \\$zUAIN$zETHESIS

