=LDR  01351ntm a22003731i 4500
=001  uab09271790
=003  UAB
=005  20140922135957.0
=006  m|||||o||d||||||||
=007  cr||||||||||||
=008  140922t19761976xx\ad\\\obm\\\000\0\eng\d
=040  \\$aUAB$beng$erda$cUAB
=050  \4$aQP535.N2$bC44 1976
=090  \\$aInternet Access$bAEU
=100  1\$aCheung, Donald Wai Tak,$eauthor.
=245  14$aThe sodium channels of mammalian skeletal muscle /$cby Donald Wai Tak Cheung.
=264  \1$c[1976]
=264  \4$c1976
=300  \\$a1 online resource (92 pages) :$billustrations
=336  \\$atext$btxt$2rdacontent
=337  \\$acomputer$bc$2rdamedia
=338  \\$aonline resource$bcr$2rdacarrier
=500  \\$a"A thesis submitted to the Faculty of Graduate Studies and Research in partial fulfilment of the requirements for the degree of Master of Science, Department of Pharmacology."
=502  \\$bM. Sc.$cUniversity of Alberta$d1976.
=504  \\$aIncludes bibliographical references (pages 81-92).
=650  \0$aSodium channels.
=650  \0$aMuscles.
=650  \0$aMammals$xPhysiology.
=650  \0$aSodium$xPhysiological transport.
=650  \0$aNerves.
=650  \0$aElectrophysiology$xExperiments.
=650  \0$aExcitable membranes.
=710  2\$aUniversity of Alberta.$bDepartment of Pharmacology.
=900  \\$aMK27629
=949  \\$zUAIN$zETHESIS

