=LDR  01436ntm a22003851i 4500
=001  uab09271807
=003  UAB
=005  20140922141456.0
=006  m|||||o||d||||||||
=007  cr||||||||||||
=008  140922t19761976xx\a\\\\obm\\\000\0\eng\d
=040  \\$aUAB$beng$erda$cUAB
=050  \4$aQH613$b.C53 1976
=090  \\$aInternet Access$bAEU
=100  1\$aClark, William C.,$eauthor.
=245  10$aHistological investigation of a temperature-sensitive cell-lethal mutant of Drosophila melanogaster /$cby William C. Clark.
=264  \1$c[1976]
=264  \4$c1976
=300  \\$a1 online resource (204 pages) :$billustrations
=336  \\$atext$btxt$2rdacontent
=337  \\$acomputer$bc$2rdamedia
=338  \\$aonline resource$bcr$2rdacarrier
=500  \\$a"A thesis submitted to the Faculty of Graduate Studies and Research in partial fulfilment of the requirements for the degree of Master of Science, Department of Genetics."
=502  \\$bM. Sc.$cUniversity of Alberta$d1976.
=504  \\$aIncludes bibliographical references (pages 187-202).
=650  \0$aHistochemistry$xResearch.
=650  \0$aCell death.
=650  \0$aEntomology$xResearch.
=650  \0$aDrosophila melanogaster$xDevelopment.
=650  \0$aInsects$xEmbryology.
=650  \0$aWings (Anatomy)
=650  \0$aGenetics$xResearch.
=650  \0$aHistology$xResearch.
=710  2\$aUniversity of Alberta.$bDepartment of Genetics.
=900  \\$aMK27631
=949  \\$zUAIN$zETHESIS

