=LDR  01386ntm a22003491i 4500
=001  uab09271856
=003  UAB
=005  20140922150219.0
=006  m|||||o||d||||||||
=007  cr||||||||||||
=008  140922t19761976xx\\\\\\obm\\\000\0\eng\d
=040  \\$aUAB$beng$erda$cUAB
=050  \4$aP93.5$b.D66 1976
=090  \\$aInternet Access$bAEU
=100  1\$aDon, Sally,$d1951-$eauthor.
=245  10$aWhich static modes of visual representation most affect comprehension of image concepts /$cby Sally Don.
=264  \1$c[1976]
=264  \4$c1976
=300  \\$a1 online resource (48 [21] pages)
=336  \\$atext$btxt$2rdacontent
=337  \\$acomputer$bc$2rdamedia
=338  \\$aonline resource$bcr$2rdacarrier
=500  \\$a"A thesis submitted to the Faculty of Graduate Studies and Research in partial fulfilment of the requirements for the degree of Master of Visual Arts in Visual Communication Design, Department of Art and Design."
=500  \\$aVita.
=502  \\$bMaster of Visual Arts$cUniversity of Alberta$d1976.
=504  \\$aIncludes bibliographical references (pages [49]-[52]).
=590  \\$aLibrary copy imperfect: unreadable throughout, illustrations (slides) ommitted.
=650  \0$aVisual communication.
=650  \0$aVisual learning.
=650  \0$aVisual literacy.
=710  2\$aUniversity of Alberta.$bDepartment of Art and Design.
=900  \\$aMK27640
=949  \\$zUAIN$zETHESIS

