=LDR  01253ntm a22003251i 4500
=001  uab09271876
=003  UAB
=005  20140922152802.0
=006  m|||||o||d||||||||
=007  cr||||||||||||
=008  140922t19761976xx\ad\\\obm\\\000\0\eng\d
=040  \\$aUAB$beng$erda$cUAB
=050  \4$aQC373.C64$b.F55 1976
=090  \\$aInternet Access$bAEU
=100  1\$aFilipow, Larry John,$eauthor.
=245  10$aGamma-ray collimator design for clinical radioisotope studies /$cby Larry John Filipow.
=264  \1$c[1976]
=264  \4$c1976
=300  \\$a1 online resource (163 pages) :$billustrations
=336  \\$atext$btxt$2rdacontent
=337  \\$acomputer$bc$2rdamedia
=338  \\$aonline resource$bcr$2rdacarrier
=500  \\$a"A thesis submitted to the Faculty of Graduate Studies and Research in partial fulfilment of the requirements for the degree of Master of Science in Physics, Department of Physics."
=502  \\$bM. Sc.$cUniversity of Alberta$d1976.
=504  \\$aIncludes bibliographical references (pages 83-86).
=650  \0$aCollimators (Optical instrument)$xDesign and construction.
=650  \0$aRadioisotopes$xStudy of.
=650  \0$aGamma rays.
=710  2\$aUniversity of Alberta.$bDepartment of Physics.
=900  \\$aMK27646
=949  \\$zUAIN$zETHESIS

