=LDR  01426ntm a22003731i 4500
=001  uab09271883
=003  UAB
=005  20140922153441.0
=006  m|||||o||d||||||||
=007  cr||||||||||||
=008  140922t19761976xx\ad\\\obm\\\000\0\eng\d
=040  \\$aUAB$beng$erda$cUAB
=050  \4$aRC683.5.E94$bG33 1976
=090  \\$aInternet Access$bAEU
=100  1\$aGaboriault, Real J.,$eauthor.
=245  10$aHemodynamic effects of exercise training in patients with ischemic heart disease /$cby Real J. Gaboriault.
=264  \1$c[1976]
=264  \4$c1976
=300  \\$a1 online resource (100 pages) :$billustrations
=336  \\$atext$btxt$2rdacontent
=337  \\$acomputer$bc$2rdamedia
=338  \\$aonline resource$bcr$2rdacarrier
=500  \\$a"A thesis submitted to the Faculty of Graduate Studies and Research in partial fulfilment of the requirements for the degree of Master of Science, Department of Physical Education."
=502  \\$bM. Sc.$cUniversity of Alberta$d1976.
=504  \\$aIncludes bibliographical references (pages 69-76).
=650  \0$aExercise tests.
=650  \0$aBlood$xCirculation.
=650  \0$aCardiovascular system.
=650  \0$aMyocardial infarction.
=650  \0$aCardiovascular system$xPhysiology.
=650  \0$aCoronary heart disease.
=650  \0$aExercise$xPhysiological aspects.
=710  2\$aUniversity of Alberta.$bDepartment of Physical Education.
=900  \\$aMK27647
=949  \\$zUAIN$zETHESIS

