=LDR  01510ntm a22003971i 4500
=001  uab09271910
=003  UAB
=005  20140922162458.0
=006  m|||||o||d||||||||
=007  cr||||||||||||
=008  140922t19761976xx\\\\\\obm\\\000\0\eng\d
=040  \\$aUAB$beng$erda$cUAB
=043  \\$aa-ir---$anwcu---
=050  \4$aHD1333.I7$bG46 1976
=090  \\$aInternet Access$bAEU
=100  1\$aGhorayshi, Fatemeh P.,$eauthor.
=245  10$aRecent land reform in Iran and Cuba :$bcomparison of a capitalist and a socialist case /$cby Fatemeh P. Ghorayshi.
=264  \1$c[1976]
=264  \4$c1976
=300  \\$a1 online resource (125 pages)
=336  \\$atext$btxt$2rdacontent
=337  \\$acomputer$bc$2rdamedia
=338  \\$aonline resource$bcr$2rdacarrier
=500  \\$a"A thesis submitted to the Faculty of Graduate Studies and Research in partial fulfilment of the requirements for the degree of Master of Arts, Department of Sociology."
=502  \\$bM.A.$cUniversity of Alberta$d1976.
=504  \\$aIncludes bibliographical references (pages 121-125).
=650  \0$aLand reform$zIran$xHistory$y20th century.
=650  \0$aLand reform$zCuba$xHistory$y20th century.
=650  \0$aAgriculture$xEconomic aspects$zIran.
=650  \0$aAgriculture$xEconomic aspects$zCuba.
=650  \0$aSocialism$zCuba.
=650  \0$aCapitalism$zIran.
=651  \0$aIran$xEconomic policy.
=650  \0$aCuba$xEconomic policy.
=710  2\$aUniversity of Alberta.$bDepartment of Sociology.
=900  \\$aMK27649
=949  \\$zUAIN$zETHESIS

