=LDR  01297ntm a22003491i 4500
=001  uab09271914
=003  UAB
=005  20140922163059.0
=006  m|||||o||d||||||||
=007  cr||||||||||||
=008  140922t19761976xx\a\\\\obm\\\000\0\eng\d
=040  \\$aUAB$beng$erda$cUAB
=050  \4$aQP321$b.G53 1976
=090  \\$aInternet Access$bAEU
=100  1\$aGibson, Donald Kevin,$eauthor.
=245  14$aThe possible role of periodontal receptors in the production of masseteric silent periods in dog /$cby Donald Kevin Gibson.
=264  \1$c[1976]
=264  \4$c1976
=300  \\$a1 online resource (52 pages) :$billustrations
=336  \\$atext$btxt$2rdacontent
=337  \\$acomputer$bc$2rdamedia
=338  \\$aonline resource$bcr$2rdacarrier
=500  \\$a"A thesis submitted to the Faculty of Graduate Studies and Research in partial fulfilment of the requirements for the degree of Master of Science in Oral Biology, Faculty of Dentistry."
=502  \\$bM. Sc.$cUniversity of Alberta$d1976.
=504  \\$aIncludes bibliographical references (pages 46-52).
=650  \0$aElectromyography.
=650  \0$aDogs.
=650  \0$aMechanoreceptors.
=650  \0$aPeriodontium.
=650  \0$aMasseter muscle.
=710  2\$aUniversity of Alberta.$bFaculty of Dentistry.
=900  \\$aMK27650
=949  \\$zUAIN$zETHESIS

