=LDR  01228ntm a22003251i 4500
=001  uab09271980
=003  UAB
=005  20140922183253.0
=006  m|||||o||d||||||||
=007  cr||||||||||||
=008  140922t19761976xx\\\\\\obm\\\000\0deng\d
=040  \\$aUAB$beng$erda$cUAB
=050  \4$aPR3638$b.H36 1976
=090  \\$aInternet Access$bAEU
=100  1\$aHansen, Laverne A.,$eauthor.
=245  10$aPope :$bthe poet-persona /$cby Laverne A. Hansen.
=264  \1$c[1976]
=264  \4$c1976
=300  \\$a1 online resource (103 pages)
=336  \\$atext$btxt$2rdacontent
=337  \\$acomputer$bc$2rdamedia
=338  \\$aonline resource$bcr$2rdacarrier
=500  \\$a"A thesis submitted to the Faculty of Graduate Studies and Research in partial fulfilment of the requirements for the degree of Master of Arts, Department of English."
=502  \\$bM.A.$cUniversity of Alberta$d1976.
=504  \\$aIncludes bibliographical references (pages 99-103).
=600  10$aPope, Alexander,$d1688-1744$xCriticism and interpretation.
=600  10$aPope, Alexander,$d1688-1744.$tEpistle to Dr. Arbuthnot.
=650  \0$aPoets, English$y18th century.
=710  2\$aUniversity of Alberta.$bDepartment of English.
=900  \\$aMK27658
=949  \\$zUAIN$zETHESIS

