=LDR  01262ntm a22003251i 4500
=001  uab09271227
=003  UAB
=005  20140919130313.0
=006  m|||||o||d||||||||
=007  cr||||||||||||
=008  140919t19761976xx\ad\\\obm\\\000\0\eng\d
=040  \\$aUAB$beng$erda$cUAB
=050  \4$aQC427.8.B75$bY36 1976
=090  \\$aInternet Access$bAEU
=100  1\$aYam, Aloysius Man-Sing,$eauthor.
=245  10$aStimulated brillouin backscattering CO2 laser radiation from underdense plasma /$cby Aloysius Man-Sing Yam.
=264  \1$c[1976]
=264  \4$c1976
=300  \\$a1 online resource (xii, 85 pages) :$billustrations
=336  \\$atext$btxt$2rdacontent
=337  \\$acomputer$bc$2rdamedia
=338  \\$aonline resource$bcr$2rdacarrier
=500  \\$a"A thesis submitted to the Faculty of Graduate Studies and Research in partial fulfilment of the requirements for the degree of Master of Science, Department of Electrical Engineering."
=502  \\$bM. Sc.$cUniversity of Alberta$d1976.
=504  \\$aIncludes bibliographical references (pages 77-79).
=650  \0$aBrillouin scattering.
=650  \0$aPlasma (Ionized gases)
=650  \0$aLaser beams.
=710  2\$aUniversity of Alberta.$bDepartment of Electrical Engineering.
=900  \\$aMK27764
=949  \\$zUAIN$zETHESIS

