=LDR  01354ntm a22003371i 4500
=001  uab09271269
=003  UAB
=005  20140919135003.0
=006  m|||||o||d||||||||
=007  cr||||||||||||
=008  140919t19761976xx\a\\\\obm\\\000\0\eng\d
=040  \\$aUAB$beng$erda$cUAB
=043  \\$an-cn-bc
=050  \4$aGN799.P53$bB37 1976
=090  \\$aInternet Access$bAEU
=100  1\$aBasinger, James Frederick,$eauthor.
=245  10$aPermineralized plants from the Eocene, Allenby Formation of southern British Columbia /$cby James Frederick Basinger.
=264  \1$c[1976]
=264  \4$c1976
=300  \\$a1 online resource (viii, 186 pages) :$billustrations
=336  \\$atext$btxt$2rdacontent
=337  \\$acomputer$bc$2rdamedia
=338  \\$aonline resource$bcr$2rdacarrier
=500  \\$a"A thesis submitted to the Faculty of Graduate Studies and Research in partial fulfilment of the requirements for the degree of Master of Science, Department of Botany."
=502  \\$bM. Sc.$cUniversity of Alberta$d1976.
=504  \\$aIncludes bibliographical references (pages 172-186).
=650  \0$aPlant remains (Archaeology)$zBritish Columbia$zAshnola River Region.
=650  \0$aPaleobotany$zBritish Columbia$zAshnola River Region.
=650  \0$aPaleobotany$yEocene.
=710  2\$aUniversity of Alberta.$bDepartment of Botany.
=900  \\$aMK30609
=949  \\$zUAIN$zETHESIS

