=LDR  01410ntm a22003731i 4500
=001  uab09271286
=003  UAB
=005  20140919142258.0
=006  m|||||o||d||||||||
=006  m|||||o||d||||||||
=007  cr||||||||||||
=007  cr||||||||||||
=008  140919t19761976xx\ad\\\obm\\\000\0\eng\d
=040  \\$aUAB$beng$erda$cUAB
=043  \\$an-cn-ab
=050  \4$aGV709.A3$bB73 1976
=090  \\$aInternet Access$bAEU
=090  \\$aInternet Access$bAEU
=100  1\$aBraden, Lorna Ruthanne,$eauthor.
=245  10$aCompetitive sport participation among adolescent girls :$ba study of selected variables /$cby Lorna Ruthanne Braden.
=264  \1$c[1976]
=264  \4$c1976
=300  \\$a1 online resource (x, 127 pages) :$billustrations
=336  \\$atext$btxt$2rdacontent
=337  \\$acomputer$bc$2rdamedia
=338  \\$aonline resource$bcr$2rdacarrier
=500  \\$a"A thesis submitted to the Faculty of Graduate Studies and Research in partial fulfilment of the requirements for the degree of Master of Arts, Department of Physical Education."
=502  \\$bM.A.$cUniversity of Alberta$d1976.
=504  \\$aIncludes bibliographical references (pages 87-102).
=650  \0$aSports for women$zAlberta$zEdmonton.
=650  \0$aSports$xSocial aspects$zAlberta$zEdmonton.
=710  2\$aUniversity of Alberta.$bDepartment of Physical Education.
=900  \\$aMK30627
=949  \\$zUAIN$zETHESIS
=949  \\$zUAIN$zETHESIS

