=LDR  01340ntm a22003251i 4500
=001  uab09271316
=003  UAB
=005  20140919145355.0
=006  m|||||o||d||||||||
=007  cr||||||||||||
=008  140919t19761976xx\\\\\\obm\\\000\0deng\d
=040  \\$aUAB$beng$erda$cUAB
=050  \4$aHQ801$b.C63 1976
=090  \\$aInternet Access$bAEU
=100  1\$aCochran, Bente Roed,$eauthor.
=245  14$aThe artistic depiction of man-woman relationships by Sigbjrn Obstfelder and Edvard Munch /$cby Bente Roed Cochran.
=264  \1$c[1976]
=264  \4$c1976
=300  \\$a1 online resource (vi, 163 pages)
=336  \\$atext$btxt$2rdacontent
=337  \\$acomputer$bc$2rdamedia
=338  \\$aonline resource$bcr$2rdacarrier
=500  \\$a"A thesis submitted to the Faculty of Graduate Studies and Research in partial fulfilment of the requirements for the degree of Master of Arts, Department of Comparative Literature."
=502  \\$bM.A.$cUniversity of Alberta$d1976.
=504  \\$aIncludes bibliographical references (pages 150-158).
=650  \0$aMan-woman relationships$xIn art.
=600  10$aObstfelder, Sigbjrn,$d1866-1900$xCriticism and interpretation.
=600  10$aMunch, Edvard,$d1863-1944$xCriticism and interpretation.
=710  2\$aUniversity of Alberta.$bDepartment of Comparative Literature.
=900  \\$a1309460
=949  \\$zUAIN$zETHESIS

