=LDR  01273ntm a22003251i 4500
=001  uab09271338
=003  UAB
=005  20140919152030.0
=006  m|||||o||d||||||||
=007  cr||||||||||||
=008  140919t19761976xx\a\\\\obm\\\000\0\eng\d
=040  \\$aUAB$beng$erda$cUAB
=043  \\$an-cn-ab
=050  \4$aHV110.E36$bY84 1976
=090  \\$aInternet Access$bAEU
=100  1\$aYuen, Kildy Wing-Han,$eauthor.
=245  10$aPreventive social services as community development /$cby Kildy Wing-Han Yuen.
=264  \1$c[1976]
=264  \4$c1976
=300  \\$a1 online resource (xiv, 202 pages) :$billustrations
=336  \\$atext$btxt$2rdacontent
=337  \\$acomputer$bc$2rdamedia
=338  \\$aonline resource$bcr$2rdacarrier
=500  \\$a"A thesis submitted to the Faculty of Graduate Studies and Research in partial fulfilment of the requirements for the degree of Master of Arts in Community Development, Division of Community Development."
=502  \\$bM.A.$cUniversity of Alberta$d1976.
=504  \\$aIncludes bibliographical references (pages 148-154).
=650  \0$aSocial service$zAlberta$zEdmonton.
=650  \0$aCommunity development$zAlberta$zEdmonton.
=710  2\$aUniversity of Alberta.$bDivision of Community Development.
=900  \\$aMK27766
=949  \\$zUAIN$zETHESIS

