=LDR  01200ntm a22003251i 4500
=001  uab09271420
=003  UAB
=005  20140919165849.0
=006  m|||||o||d||||||||
=007  cr||||||||||||
=008  140919t19761976xx\abd\\obm\\\000\0\eng\d
=040  \\$aUAB$beng$erda$cUAB
=043  \\$af-mw---
=050  \4$aHC79.I5$bB63 1976
=090  \\$aInternet Access$bAEU
=100  1\$aBobe, Augustine Yelemia,$eauthor.
=245  10$aIncome distribution in Malawi /$cby Augustine Yelemia Bobe.
=264  \1$c[1976]
=264  \4$c1976
=300  \\$a1 online resource (xii, 154 pages) :$billustrations, maps
=336  \\$atext$btxt$2rdacontent
=337  \\$acomputer$bc$2rdamedia
=338  \\$aonline resource$bcr$2rdacarrier
=500  \\$a"A thesis submitted to the Faculty of Graduate Studies and Research in partial fulfilment of the requirements for the degree of Master of Science, Department of Rural Economy."
=502  \\$bM. Sc.$cUniversity of Alberta$d1976.
=504  \\$aIncludes bibliographical references (pages 114-117).
=650  \0$aIncome distribution$zMalawi.
=650  \0$aWelfare economics.
=710  2\$aUniversity of Alberta.$bDepartment of Rural Economy.
=900  \\$aMK30620
=949  \\$zUAIN$zETHESIS

