=LDR  01152ntm a22003131i 4500
=001  uab09271442
=003  UAB
=005  20140919180353.0
=006  m|||||o||d||||||||
=007  cr||||||||||||
=008  140919t19761976xx\\\\\\obm\\\000\0\eng\d
=040  \\$aUAB$beng$erda$cUAB
=050  \4$aB828.45$b.L37 1976
=090  \\$aInternet Access$bAEU
=100  1\$aLargent, Nancy Suzan,$eauthor.
=245  14$aThe epistemological investigation of aesthetic perception /$cby Nancy Suzan Largent.
=264  \1$c[1976]
=264  \4$c1976
=300  \\$a1 online resource (vi, 128 pages)
=336  \\$atext$btxt$2rdacontent
=337  \\$acomputer$bc$2rdamedia
=338  \\$aonline resource$bcr$2rdacarrier
=500  \\$a"A thesis submitted to the Faculty of Graduate Studies and Research in partial fulfilment of the requirements for the degree of Master of Arts, Department of Philosophy."
=502  \\$bM.A.$cUniversity of Alberta$d1976.
=504  \\$aIncludes bibliographical references (pages 126-127).
=650  \0$aPerception (Philosophy)
=650  \0$aAesthetics.
=710  2\$aUniversity of Alberta.$bDepartment of Philosophy.
=900  \\$aMK29499
=949  \\$zUAIN$zETHESIS

