=LDR  01316ntm a22003491i 4500
=001  uab09271448
=003  UAB
=005  20140919182130.0
=006  m|||||o||d||||||||
=007  cr||||||||||||
=008  140919t19761976xx\abd\\obm\\\000\0\eng\d
=040  \\$aUAB$beng$erda$cUAB
=043  \\$an-cn-ab$aa-ii---
=050  \4$aGF125$b.A36 1976
=090  \\$aInternet Access$bAEU
=100  1\$aAhmed, Mohammed A.,$eauthor.
=245  10$aSome aspects of urban mapping :$bEdmonton and Hyderabad /$cby Mohammed Ahmed.
=264  \1$c[1976]
=264  \4$c1976
=300  \\$a1 online resource (xii, 118 pages) :$billustrations, maps
=336  \\$atext$btxt$2rdacontent
=337  \\$acomputer$bc$2rdamedia
=338  \\$aonline resource$bcr$2rdacarrier
=500  \\$a"A thesis submitted to the Faculty of Graduate Studies and Research in partial fulfilment of the requirements for the degree of Master of Science, Department of Geography."
=502  \\$bM. Sc.$cUniversity of Alberta$d1976.
=504  \\$aIncludes bibliographical references (pages 101-108).
=650  \0$aUrban geography$xGraphic methods.
=650  \0$aCartography$xMethodology.
=651  \0$aEdmonton (Alta.)$xGeography.
=651  \0$aHyderabad (India)$xGeography.
=710  2\$aUniversity of Alberta.$bDepartment of Geography.
=900  \\$aMK30600
=949  \\$zUAIN$zETHESIS

