=LDR  01343ntm a22003371i 4500
=001  uab09271453
=003  UAB
=005  20140919184604.0
=006  m|||||o||d||||||||
=007  cr||||||||||||
=008  140919t19761976xx\\\\\\obm\\\000\0\eng\d
=040  \\$aUAB$beng$erda$cUAB
=043  \\$ae-uk-en
=050  \4$aPR327$b.B35 1976
=090  \\$aInternet Access$bAEU
=100  1\$aBailey, Gregory,$eauthor.
=245  10$aCritical mirth :$ba discussion of the major burlesques of the medieval metrical chivalric romances of England and Scotland /$cby Gregory Bailey.
=264  \1$c[1976]
=264  \4$c1976
=300  \\$a1 online resource (viii, 181 pages)
=336  \\$atext$btxt$2rdacontent
=337  \\$acomputer$bc$2rdamedia
=338  \\$aonline resource$bcr$2rdacarrier
=500  \\$a"A thesis submitted to the Faculty of Graduate Studies and Research in partial fulfilment of the requirements for the degree of Master of Arts, Department of English."
=502  \\$bM.A.$cUniversity of Alberta$d1976.
=504  \\$aIncludes bibliographical references (pages 164-180).
=650  \0$aRomances, English$xHistory and criticism.
=650  \0$aPopular literature$zEngland$xHistory and criticism.
=650  \0$aScottish literature$xHistory and criticism.
=710  2\$aUniversity of Alberta.$bDepartment of English.
=900  \\$aMK30606
=949  \\$zUAIN$zETHESIS

