=LDR  01262ntm a22003251i 4500
=001  uab09271465
=003  UAB
=005  20140919192640.0
=006  m|||||o||d||||||||
=007  cr||||||||||||
=008  140919t19761976xx\\\\\\obm\\\000\0\eng\d
=040  \\$aUAB$beng$erda$cUAB
=050  \4$aQK495.C9$bC36 1976
=090  \\$aInternet Access$bAEU
=100  1\$aCampbell, Duncan C.,$eauthor.
=245  10$aGrowth character and yield character analysis of rapeseed (Brassica napus L.) cultivars :$bNugget, Oro, and Target /$cby Duncan Charles Campbell.
=264  \1$c[1976]
=264  \4$c1976
=300  \\$a1 online resource (x, 82 pages)
=336  \\$atext$btxt$2rdacontent
=337  \\$acomputer$bc$2rdamedia
=338  \\$aonline resource$bcr$2rdacarrier
=500  \\$a"A thesis submitted to the Faculty of Graduate Studies and Research in partial fulfillment of the requirements for the degree of Master of Science in Plant Breeding, Department of Plant Science."
=502  \\$bM. Sc.$cUniversity of Alberta$d1976.
=504  \\$aIncludes bibliographical references (pages 81-82).
=650  \0$aRape (Plant)
=650  \0$aGrowth (Plants)
=650  \0$aPlant ecology.
=710  2\$aUniversity of Alberta.$bDepartment of Plant Science.
=900  \\$aMK30635
=949  \\$zUAIN$zETHESIS

