=LDR  01225ntm a22003251i 4500
=001  uab09271468
=003  UAB
=005  20140919193506.0
=006  m|||||o||d||||||||
=007  cr||||||||||||
=008  140919t19761976xx\a\\\\obm\\\000\0\eng\d
=040  \\$aUAB$beng$erda$cUAB
=050  \4$aRC918.R4$bC48 1976
=090  \\$aInternet Access$bAEU
=100  1\$aChurchill, Margaret Pamela,$eauthor.
=245  10$aRenal failure :$ba sociological study of patient careers /$cby Margaret Pamela Churchill.
=264  \1$c[1976]
=264  \4$c1976
=300  \\$a1 online resource (vii, 127 pages) :$billustrations
=336  \\$atext$btxt$2rdacontent
=337  \\$acomputer$bc$2rdamedia
=338  \\$aonline resource$bcr$2rdacarrier
=500  \\$a"A thesis submitted to the Faculty of Graduate Studies and Research in partial fulfilment of the requirements for the degree of Master of Arts, Department of Sociology."
=502  \\$bM.A.$cUniversity of Alberta$d1976.
=504  \\$aIncludes bibliographical references (pages 113-120).
=650  \0$aChronic renal failure.
=650  \0$aChronically ill$xRehabilitation.
=650  \0$aDialysis.
=710  2\$aUniversity of Alberta.$bDepartment of Sociology.
=900  \\$aMK30645
=949  \\$zUAIN$zETHESIS

