=LDR  01177ntm a22003011i 4500
=001  uab09271072
=003  UAB
=005  20140919093907.0
=006  m|||||o||d||||||||
=007  cr||||||||||||
=008  140919t19761976xx\ad\\\obm\\\000\0\eng\d
=040  \\$aUAB$beng$erda$cUAB
=050  \4$aTA683.5.B3$bD86 1976
=090  \\$aInternet Access$bAEU
=100  1\$aDunbar, Alastair K.,$eauthor.
=245  10$aPrestressed concrete tee beams containing large circular web openings /$cby Alastair K. Dunbar.
=264  \1$c[1976]
=264  \4$c1976
=300  \\$a1 online resource (xvi, 203 pages) :$billustrations
=336  \\$atext$btxt$2rdacontent
=337  \\$acomputer$bc$2rdamedia
=338  \\$aonline resource$bcr$2rdacarrier
=500  \\$a"A thesis submitted to the Faculty of Graduate Studies and Research in partial fulfilment of the requirements for the degree of Master of Science, Department of Civil Engineering."
=502  \\$bM. Sc.$cUniversity of Alberta$d1976.
=504  \\$aIncludes bibliographical references (pages 104-105).
=650  \0$aPrestressed concrete beams.
=710  2\$aUniversity of Alberta.$bDepartment of Civil Engineering.
=900  \\$aMK30665
=949  \\$zUAIN$zETHESIS

