=LDR  01200ntm a22003131i 4500
=001  uab09271099
=003  UAB
=005  20140919103252.0
=006  m|||||o||d||||||||
=007  cr||||||||||||
=008  140919t19761976xx\a\\\\obm\\\000\0\eng\d
=040  \\$aUAB$beng$erda$cUAB
=050  \4$aQR187.A3$bF73 1976
=090  \\$aInternet Access$bAEU
=100  1\$aFraser, Brock R.,$eauthor.
=245  10$aLectin-induced agglutinability and related surface properties of embryonic amphibian cells /$cby Brock R. Fraser.
=264  \1$c[1976]
=264  \4$c1976
=300  \\$a1 online resource (x, 91 pages) :$billustrations
=336  \\$atext$btxt$2rdacontent
=337  \\$acomputer$bc$2rdamedia
=338  \\$aonline resource$bcr$2rdacarrier
=500  \\$a"A thesis submitted to the Faculty of Graduate Studies and Research in partial fulfilment of the requirements for the degree of Master of Science, Department of Zoology."
=502  \\$bM. Sc.$cUniversity of Alberta$d1976.
=504  \\$aIncludes bibliographical references (pages 86-91).
=650  \0$aAgglutination.
=650  \0$aEmbryonic stem cells$xSurfaces.
=710  2\$aUniversity of Alberta.$bDepartment of Zoology.
=900  \\$aMK30679
=949  \\$zUAIN$zETHESIS

