=LDR  01155ntm a22003011i 4500
=001  uab09271113
=003  UAB
=005  20140919105942.0
=006  m|||||o||d||||||||
=007  cr||||||||||||
=008  140919t19761976xx\b\\\\obm\\\000\0\eng\d
=040  \\$aUAB$beng$erda$cUAB
=050  \4$aHD7289.62.A3$bG54 1976
=090  \\$aInternet Access$bAEU
=100  1\$aGiffen, N. Barry,$eauthor.
=245  14$aThe mobile home in the Edmonton area :$ban overview of current and future use /$cby N. Barry Giffen.
=264  \1$c[1976]
=264  \4$c1976
=300  \\$a1 online resource (xi, 154 pages) :$bmaps
=336  \\$atext$btxt$2rdacontent
=337  \\$acomputer$bc$2rdamedia
=338  \\$aonline resource$bcr$2rdacarrier
=500  \\$a"A thesis submitted to the Faculty of Graduate Studies and Research in partial fulfilment of the requirements for the degree of Master of Arts, Department of Geography."
=502  \\$bM.A.$cUniversity of Alberta$d1976.
=504  \\$aIncludes bibliographical references (pages 120-125).
=650  \0$aMobile homes$zAlberta$zEdmonton.
=710  2\$aUniversity of Alberta.$bDepartment of Geography.
=900  \\$aMK30685
=949  \\$zUAIN$zETHESIS

