=LDR  01151ntm a22003131i 4500
=001  uab09271563
=003  UAB
=005  20140920113035.0
=006  m|||||o||d||||||||
=007  cr||||||||||||
=008  140920t19761976xx\ade\\obm\\\000\0\eng\d
=040  \\$aUAB$beng$erda$cUAB
=050  \4$aHD7288.9$b.G53 1976
=090  \\$aInternet Access$bAEU
=100  1\$aGnandt, Frank R.,$eauthor.
=245  13$aAn evaluation of relocation in urban renewal /$cFrank R. Gnandt.
=264  \1$c[1976]
=264  \4$c1976
=300  \\$a1 online resource (xi, 175 pages) :$billustrations, plans
=336  \\$atext$btxt$2rdacontent
=337  \\$acomputer$bc$2rdamedia
=338  \\$aonline resource$bcr$2rdacarrier
=500  \\$a"A thesis submitted to the Faculty of Graduate Studies and Research in partial fulfilment of the requirements for the degree of Master of Arts, Department of Geography."
=502  \\$bM.A.$cUniversity of Alberta$d1976.
=504  \\$aIncludes bibliographical references (pages 150-161).
=650  \0$aRelocation (Housing)
=650  \0$aUrban renewal.
=710  2\$aUniversity of Alberta.$bDepartment of Geography.
=900  \\$aMK30689
=949  \\$zUAIN$zETHESIS

