=LDR  01157ntm a22003011i 4500
=001  uab09271567
=003  UAB
=005  20140920115124.0
=006  m|||||o||d||||||||
=007  cr||||||||||||
=008  140920t19761976xx\\\\\\obm\\\000\0\eng\d
=040  \\$aUAB$beng$erda$cUAB
=050  \4$aQA76.73.P23$bH45 1976
=090  \\$aInternet Access$bAEU
=100  1\$aHeifetz, James,$eauthor.
=245  10$aPL370 :$ba machine-oriented language for the IBM 370's /$cby James M. Heifetz.
=264  \1$c[1976]
=264  \4$c1976
=300  \\$a1 online resource (viii, 194 pages)
=336  \\$atext$btxt$2rdacontent
=337  \\$acomputer$bc$2rdamedia
=338  \\$aonline resource$bcr$2rdacarrier
=500  \\$a"A thesis submitted to the Faculty of Graduate Studies and Research in partial fulfilment of the requirements for the degree of Master of Science, Department of Computing Science."
=502  \\$bM. Sc.$cUniversity of Alberta$d1976.
=504  \\$aIncludes bibliographical references (pages 185-187).
=650  \0$aProgramming languages (Electronic computers)
=710  2\$aUniversity of Alberta.$bDepartment of Computing Science.
=900  \\$aMK30707
=949  \\$zUAIN$zETHESIS

