=LDR  01268ntm a22003251i 4500
=001  uab09272319
=003  UAB
=005  20140923185908.0
=006  m|||||o||d||||||||
=007  cr||||||||||||
=008  140923t19761976xx\ad\\\obm\\\000\0\eng\d
=040  \\$aUAB$beng$erda$cUAB
=043  \\$an-us-mt
=050  \4$aJF1001$b.H86 1976
=090  \\$aInternet Access$bAEU
=100  1\$aHumphrey, Charles K.,$eauthor.
=245  10$aCleavage politics :$ba case study of the determinants of voting in the Montana House of Representatives /$cby Charles K. Humphrey.
=264  \1$c[1976]
=264  \4$c1976
=300  \\$a1 online resource (xii, 162 pages) :$billustrations
=336  \\$atext$btxt$2rdacontent
=337  \\$acomputer$bc$2rdamedia
=338  \\$aonline resource$bcr$2rdacarrier
=500  \\$a"A thesis submitted to the Faculty of Graduate Studies and Research in partial fulfilment of the requirements for the degree of Master of Arts, Department of Political Science."
=502  \\$bM.A.$cUniversity of Alberta$d1976.
=504  \\$aIncludes bibliographical references (pages 157-159).
=650  \0$aVoting$zMontana.
=651  \0$aMontana$xPolitics and government.
=710  2\$aUniversity of Alberta.$bDepartment of Political Science.
=900  \\$aMK30716
=949  \\$zUAIN$zETHESIS

