=LDR  01296ntm a22003491i 4500
=001  uab09272321
=003  UAB
=005  20140923190445.0
=006  m|||||o||d||||||||
=007  cr||||||||||||
=008  140923t19761976xx\\\\\\obm\\\000\0deng\d
=040  \\$aUAB$beng$erda$cUAB
=043  \\$ae-fr---
=050  \4$aDC119$b.I54 1976
=090  \\$aInternet Access$bAEU
=100  1\$aIngram, Sharilyn J.,$eauthor.
=245  10$aHenry III and the league, 1585-1589 /$cby Sharilyn J. Ingram.
=264  \1$c[1976]
=264  \4$c1976
=300  \\$a1 online resource (vi, 225 pages)
=336  \\$atext$btxt$2rdacontent
=337  \\$acomputer$bc$2rdamedia
=338  \\$aonline resource$bcr$2rdacarrier
=500  \\$a"A thesis submitted to the Faculty of Graduate Studies and Research in partial fulfilment of the requirements for the degree of Master of Arts, Department of History."
=502  \\$bM.A.$cUniversity of Alberta$d1976.
=504  \\$aIncludes bibliographical references (pages 221-225).
=600  00$aHenry$bIII,$cKing of France,$d1551-1589.
=651  \0$aFrance$xHistory$yHenry III, 1574-1589.
=610  20$aSainte Ligue (1576-1593)
=651  \0$aFrance$xHistory$yWars of the Huguenots, 1562-1598.
=710  2\$aUniversity of Alberta.$bDepartment of History.
=900  \\$aMK30717
=949  \\$zUAIN$zETHESIS

