=LDR  01256ntm a22003131i 4500
=001  uab09272343
=003  UAB
=005  20140923200222.0
=006  m|||||o||d||||||||
=007  cr||||||||||||
=008  140923t19761976xx\a\\\\obm\\\000\0\eng\d
=040  \\$aUAB$beng$erda$cUAB
=050  \4$aQR187.I48$bL36 1976
=090  \\$aInternet Access$bAEU
=100  1\$aLam, Richard Ping-Chu,$eauthor.
=245  14$aThe development of an immunofluorescence technique and its application to the rapid identification of coxsackie B viruses /$cby Richard Ping-Chu Lam.
=264  \1$c[1976]
=264  \4$c1976
=300  \\$a1 online resource (xii, 96 pages) :$billustrations
=336  \\$atext$btxt$2rdacontent
=337  \\$acomputer$bc$2rdamedia
=338  \\$aonline resource$bcr$2rdacarrier
=500  \\$a"A thesis submitted to the Faculty of Graduate Studies and Research in partial fulfilment of the requirements for the degree of Master of Science, Department of Microbiology."
=502  \\$bM. Sc.$cUniversity of Alberta$d1976.
=504  \\$aIncludes bibliographical references (pages 92-96).
=650  \0$aFluorescent antigen technique.
=650  \0$aCoxsackieviruses.
=710  2\$aUniversity of Alberta.$bDepartment of Microbiology.
=900  \\$aMK30732
=949  \\$zUAIN$zETHESIS

