=LDR  01223ntm a22003251i 4500
=001  uab09272348
=003  UAB
=005  20140923200852.0
=006  m|||||o||d||||||||
=007  cr||||||||||||
=008  140923t19761976xx\af\\\obm\\\000\0\eng\d
=040  \\$aUAB$beng$erda$cUAB
=050  \4$aRK55.C5$bL36 1976
=090  \\$aInternet Access$bAEU
=100  1\$aLamont, Hugh W.,$eauthor.
=245  12$aA longitudinal investigation of arrested thumbsucking in children /$cby Hugh W. Lamont.
=264  \1$c[1976]
=264  \4$c1976
=300  \\$a1 online resource (xiii, 143 pages) :$billustrations
=336  \\$atext$btxt$2rdacontent
=337  \\$acomputer$bc$2rdamedia
=338  \\$aonline resource$bcr$2rdacarrier
=500  \\$a"A thesis submitted to the Faculty of Graduate Studies and Research in partial fulfilment of the requirements for the degree of Master of Science in Orthodontics, Faculty of Dentistry."
=502  \\$bM. Sc.$cUniversity of Alberta$d1976.
=504  \\$aIncludes bibliographical references (pages 69-73).
=650  \0$aChildren$xDental care.
=650  \0$aThumb sucking.
=650  \0$aOrthodontics, Corrective.
=710  2\$aUniversity of Alberta.$bFaculty of Dentistry.
=900  \\$aMK30733
=949  \\$zUAIN$zETHESIS

