=LDR  01133ntm a22003011i 4500
=001  uab09272357
=003  UAB
=005  20140923202757.0
=006  m|||||o||d||||||||
=007  cr||||||||||||
=008  140923t19761976xx\ad\\\obm\\\000\0\eng\d
=040  \\$aUAB$beng$erda$cUAB
=050  \4$aQA273.5$b.L66 1976
=090  \\$aInternet Access$bAEU
=100  1\$aLondhe, Anil R.,$eauthor.
=245  14$aThe limiting distribution of the measure of a random set /$cby Anil R. Londhe.
=264  \1$c[1976]
=264  \4$c1976
=300  \\$a1 online resource (vi, 63 pages) :$billustrations
=336  \\$atext$btxt$2rdacontent
=337  \\$acomputer$bc$2rdamedia
=338  \\$aonline resource$bcr$2rdacarrier
=500  \\$a"A thesis submitted to the Faculty of Graduate Studies and Research in partial fulfilment of the requirements for the degree of Master of Science in Statistics, Department of Mathematics."
=502  \\$bM. Sc.$cUniversity of Alberta$d1976.
=504  \\$aIncludes bibliographical references (page 32).
=650  \0$aRandom sets.
=710  2\$aUniversity of Alberta.$bDepartment of Mathematics.
=900  \\$aMK30746
=949  \\$zUAIN$zETHESIS

