=LDR  01180ntm a22003131i 4500
=001  uab09271822
=003  UAB
=005  20140922134534.0
=006  m|||||o||d||||||||
=007  cr||||||||||||
=008  140922t19761976xx\a\\\\obm\\\000\0\eng\d
=040  \\$aUAB$beng$erda$cUAB
=050  \4$aSF285$b.S88 1976
=090  \\$aInternet Access$bAEU
=100  1\$aSutton, Edward Ian,$eauthor.
=245  10$aReproductive and digestibility studies in the equine /$cby Edward Ian Sutton.
=264  \1$c[1976]
=264  \4$c1976
=300  \\$a1 online resource (xiv, 135 pages) :$billustrations
=336  \\$atext$btxt$2rdacontent
=337  \\$acomputer$bc$2rdamedia
=338  \\$aonline resource$bcr$2rdacarrier
=500  \\$a"A thesis submitted to the Faculty of Graduate Studies and Research in partial fulfilment of the requirements for the degree of Master of Science in Animal Nutrition, Department of Animal Science."
=502  \\$bM. Sc.$cUniversity of Alberta$d1976.
=504  \\$aIncludes bibliographical references (pages 113-122).
=650  \0$aHorses.
=650  \0$aHorses$xHealth.
=710  2\$aUniversity of Alberta.$bDepartment of Animal Science.
=900  \\$aMK30842
=949  \\$zUAIN$zETHESIS

