=LDR  01166ntm a22003131i 4500
=001  uab09271982
=003  UAB
=005  20140922134534.0
=006  m|||||o||d||||||||
=007  cr||||||||||||
=008  140922t19761976xx\ad\\\obm\\\000\0\eng\d
=040  \\$aUAB$beng$erda$cUAB
=050  \4$aQB88$b.S93 1976
=090  \\$aInternet Access$bAEU
=100  1\$aSwadron, David Joseph,$eauthor.
=245  10$aPhotographic optics for a 20 inch telescope /$cby David Joseph Swadron.
=264  \1$c[1976]
=264  \4$c1976
=300  \\$a1 online resource (xi, 129 pages) :$billustrations
=336  \\$atext$btxt$2rdacontent
=337  \\$acomputer$bc$2rdamedia
=338  \\$aonline resource$bcr$2rdacarrier
=500  \\$a"A thesis submitted to the Faculty of Graduate Studies and Research in partial fulfilment of the requirements for the degree of Master of Science, Department of Physics."
=502  \\$bM. Sc.$cUniversity of Alberta$d1976.
=504  \\$aIncludes bibliographical references (pages 93-95).
=650  \0$aTelescopes.
=650  \0$aTelescopes$xTechnological innovations.
=710  2\$aUniversity of Alberta.$bDepartment of Physics.
=900  \\$aMK30843
=949  \\$zUAIN$zETHESIS

