=LDR  01257ntm a22003251i 4500
=001  uab09271983
=003  UAB
=005  20140922134534.0
=006  m|||||o||d||||||||
=007  cr||||||||||||
=008  140922t19761976xx\\\\\\obm\\\000\0\eng\d
=040  \\$aUAB$beng$erda$cUAB
=043  \\$an-cn-sn
=050  \4$aRK52.4.C2$bS93 1976
=090  \\$aInternet Access$bAEU
=100  1\$aSwanson, Evelyn,$eauthor.
=245  14$aThe effect of an alternative delivery system on social class variations in utilization of dental care services :$bSaskatchewan /$cby Evelyn Swanson.
=264  \1$c[1976]
=264  \4$c1976
=300  \\$a1 online resource (ix, 76 pages)
=336  \\$atext$btxt$2rdacontent
=337  \\$acomputer$bc$2rdamedia
=338  \\$aonline resource$bcr$2rdacarrier
=500  \\$a"A thesis submitted to the Faculty of Graduate Studies and Research in partial fulfilment of the requirements for the degree of Master of Arts, Department of Sociology."
=502  \\$bM. Sc.$cUniversity of Alberta$d1976.
=504  \\$aIncludes bibliographical references (pages 58-63).
=650  \0$aDental care$zSaskatchewan.
=650  \0$aInsurance, Dental$zSaskatchewan.
=710  2\$aUniversity of Alberta.$bDepartment of Sociology.
=900  \\$aMK30844
=949  \\$zUAIN$zETHESIS

