=LDR  01176ntm a22003131i 4500
=001  uab09271984
=003  UAB
=005  20140922134534.0
=006  m|||||o||d||||||||
=007  cr||||||||||||
=008  140922t19761976xx\\\\\\obm\\\000\0\eng\d
=040  \\$aUAB$beng$erda$cUAB
=050  \4$aRA776.98$b.T44 1976
=090  \\$aInternet Access$bAEU
=100  1\$aTheberge, Lorraine,$eauthor.
=245  14$aThe use of cosmetics related to specific aspects of the self /$cby Lorraine Theberge.
=264  \1$c[1976]
=264  \4$c1976
=300  \\$a1 online resource (x, 130 pages)
=336  \\$atext$btxt$2rdacontent
=337  \\$acomputer$bc$2rdamedia
=338  \\$aonline resource$bcr$2rdacarrier
=500  \\$a"A thesis submitted to the Faculty of Graduate Studies and Research in partial fulfilment of the requirements for the degree of Master of Science in Clothing and Textiles, Faculty of Home Economics."
=502  \\$bM. Sc.$cUniversity of Alberta$d1976.
=504  \\$aIncludes bibliographical references (pages 101-110).
=650  \0$aBeauty, Personal.
=650  \0$aCosmetics.
=710  2\$aUniversity of Alberta.$bFaculty of Home Economics.
=900  \\$aMK30850
=949  \\$zUAIN$zETHESIS

