=LDR  01169ntm a22003011i 4500
=001  uab09271985
=003  UAB
=005  20140922134534.0
=006  m|||||o||d||||||||
=007  cr||||||||||||
=008  140922t19761976xx\\\\\\obm\\\000\0\eng\d
=040  \\$aUAB$beng$erda$cUAB
=050  \4$aQA76.73.A24$bT46 1976
=090  \\$aInternet Access$bAEU
=100  1\$aThomson, Christopher Mark,$eauthor.
=245  14$aThe run-time structure of an ALGOL 68 student checkout compiler /$cby Christopher Mark Thomson.
=264  \1$c[1976]
=264  \4$c1976
=300  \\$a1 online resource (vi, 70 pages)
=336  \\$atext$btxt$2rdacontent
=337  \\$acomputer$bc$2rdamedia
=338  \\$aonline resource$bcr$2rdacarrier
=500  \\$a"A thesis submitted to the Faculty of Graduate Studies and Research in partial fulfilment of the requirements for the degree of Master of Science, Department of Computing Science."
=502  \\$bM. Sc.$cUniversity of Alberta$d1976.
=504  \\$aIncludes bibliographical references (pages 69-70).
=650  \0$aALGOL (Computer program language)
=710  2\$aUniversity of Alberta.$bDepartment of Computing Science.
=900  \\$aMK30851
=949  \\$zUAIN$zETHESIS

