=LDR  01225ntm a22003251i 4500
=001  uab09271989
=003  UAB
=005  20140922134534.0
=006  m|||||o||d||||||||
=007  cr||||||||||||
=008  140922t19761976xx\ad\\\obm\\\000\0\eng\d
=040  \\$aUAB$beng$erda$cUAB
=050  \4$aQL368.H87$bV45 1976
=090  \\$aInternet Access$bAEU
=100  1\$aVeilleux, Brendan G.,$eauthor.
=245  14$aThe analysis of a predatory interaction between Didinium and Paramecium /$cby Brendan G. Veilleux.
=264  \1$c[1976]
=264  \4$c1976
=300  \\$a1 online resource (xi, 169 pages) :$billustrations
=336  \\$atext$btxt$2rdacontent
=337  \\$acomputer$bc$2rdamedia
=338  \\$aonline resource$bcr$2rdacarrier
=500  \\$a"A thesis submitted to the Faculty of Graduate Studies and Research in partial fulfilment of the requirements for the degree of Master of Science, Department of Zoology."
=502  \\$bM. Sc.$cUniversity of Alberta$d1976.
=504  \\$aIncludes bibliographical references (pages 100-109).
=650  \0$aParamecium$xBehavior.
=650  \0$aDidinium$xBehavior.
=650  \0$aPredation (Biology)
=710  2\$aUniversity of Alberta.$bDepartment of Zoology.
=900  \\$aMK30857
=949  \\$zUAIN$zETHESIS

