=LDR  01261ntm a22003131i 4500
=001  uab09271993
=003  UAB
=005  20140922134534.0
=006  m|||||o||d||||||||
=007  cr||||||||||||
=008  140922t19761976xx\abd\\obm\\\000\0\eng\d
=040  \\$aUAB$beng$erda$cUAB
=043  \\$an-cn-nt
=050  \4$aQL737.R666$bW45 1976
=090  \\$aInternet Access$bAEU
=100  1\$aWells, Audrey Bodner,$eauthor.
=245  10$aHome range and movements of Clethrionomys gapperi in the northern boreal forest near Heart Lake, Northwest Territories /$cby Audrey Bodner Wells.
=264  \1$c[1976]
=264  \4$c1976
=300  \\$a1 online resource (x, 93 pages) :$billustrations, maps
=336  \\$atext$btxt$2rdacontent
=337  \\$acomputer$bc$2rdamedia
=338  \\$aonline resource$bcr$2rdacarrier
=500  \\$a"A thesis submitted to the Faculty of Graduate Studies and Research in partial fulfilment of the requirements for the degree of Master of Science, Department of Zoology."
=502  \\$bM. Sc.$cUniversity of Alberta$d1976.
=504  \\$aIncludes bibliographical references (pages 89-93).
=650  \0$aClethrionomys gapperi$xBehavior$zNorthwest Territories.
=710  2\$aUniversity of Alberta.$bDepartment of Zoology.
=900  \\$aMK30864
=949  \\$zUAIN$zETHESIS

