=LDR  01335ntm a22003491i 4500
=001  uab09272003
=003  UAB
=005  20140922134534.0
=006  m|||||o||d||||||||
=007  cr||||||||||||
=008  140922t19761976xx\abdf\obm\\\000\0\eng\d
=040  \\$aUAB$beng$erda$cUAB
=043  \\$an-cn-ab
=050  \4$aGB992.C2$bW58 1976
=090  \\$aInternet Access$bAEU
=100  1\$aWitter, Scott George,$eauthor.
=245  14$aThe mapping of snow patterns on the Cooking Lake Moraine with LANDSAT I imagery /$cby Scott George Witter.
=264  \1$c[1976]
=264  \4$c1976
=300  \\$a1 online resource (xiv, 128 pages) :$billustrations, maps
=336  \\$atext$btxt$2rdacontent
=337  \\$acomputer$bc$2rdamedia
=338  \\$aonline resource$bcr$2rdacarrier
=500  \\$a"A thesis submitted to the Faculty of Graduate Studies and Research in partial fulfilment of the requirements for the degree of Master of Science, Department of Geography."
=502  \\$bM. Sc.$cUniversity of Alberta$d1976.
=504  \\$aIncludes bibliographical references (pages 104-107).
=650  \0$aRunoff$zAlberta$zEdmonton.
=650  \0$aGeological mapping.
=650  \0$aWater supply$zAlberta$zEdmonton.
=650  \0$aWater quality$zAlberta$zEdmonton.
=710  2\$aUniversity of Alberta.$bDepartment of Geography.
=900  \\$aMK30877
=949  \\$zUAIN$zETHESIS

