=LDR  01217ntm a22003131i 4500
=001  uab09272004
=003  UAB
=005  20140922134534.0
=006  m|||||o||d||||||||
=007  cr||||||||||||
=008  140922t19761976xx\ad\\\obm\\\000\0\eng\d
=040  \\$aUAB$beng$erda$cUAB
=050  \4$aQC145.4.T5$bW66 1976
=090  \\$aInternet Access$bAEU
=100  1\$aWong, Sum-Lok,$eauthor.
=245  10$aLiquid solidification in parallel-plate channels with convective boundary conditions /$cby Sum-Lok Wong.
=264  \1$c[1976]
=264  \4$c1976
=300  \\$a1 online resource (xi, 183 pages) :$billustrations
=336  \\$atext$btxt$2rdacontent
=337  \\$acomputer$bc$2rdamedia
=338  \\$aonline resource$bcr$2rdacarrier
=500  \\$a"A thesis submitted to the Faculty of Graduate Studies and Research in partial fulfilment of the requirements for the degree of Master of Science, Department of Mechanical Engineering."
=502  \\$bM. Sc.$cUniversity of Alberta$d1976.
=504  \\$aIncludes bibliographical references.
=650  \0$aLiquids$xThermal peoperties$xMeasurement.
=650  \0$aLaminar flow.
=710  2\$aUniversity of Alberta.$bDepartment of Mechanical Engineering.
=900  \\$aMK30878
=949  \\$zUAIN$zETHESIS

