=LDR  01223ntm a22003131i 4500
=001  uab09272137
=003  UAB
=005  20140923114806.0
=006  m|||||o||d||||||||
=007  cr||||||||||||
=008  140923t19771977xx\abf\\obm\\\000\0\eng\d
=040  \\$aUAB$beng$erda$cUAB
=043  \\$an-cn-ab
=050  \4$aTN806.C22$bC633 1977
=090  \\$aInternet Access$bAEU
=100  1\$aAlexander, Frederick John,$eauthor.
=245  10$aStructural geology of the Luscar-Sterco Mynheer A Zone, Coal Valley, Alberta /$cby Frederick John Alexander, B. Sc.
=264  \1$c[1977]
=264  \4$c1977
=300  \\$a1 online resource (x, 54, [96] pages) :$billustrations, maps
=336  \\$atext$btxt$2rdacontent
=337  \\$acomputer$bc$2rdamedia
=338  \\$aonline resource$bcr$2rdacarrier
=500  \\$a"A thesis submitted to the Faculty of Graduate Studies and Research in partial fulfilment of the requirements for the degree of Master of Science, Department of Geology."
=502  \\$bM. Sc.$cUniversity of Alberta$d1977.
=504  \\$aIncludes bibliographical references (pages 51-53).
=650  \0$aCoal$xGeology$zAlberta$zCoal Valley.
=710  2\$aUniversity of Alberta.$bDepartment of Geology.
=900  \\$aMK31930
=949  \\$zUAIN$zETHESIS

