=LDR  01241ntm a22003371i 4500
=001  uab09272152
=003  UAB
=005  20140923120118.0
=006  m|||||o||d||||||||
=007  cr||||||||||||
=008  140923t19771977xx\ade\\obm\\\000\0\eng\d
=040  \\$aUAB$beng$erda$cUAB
=050  \4$aTD434$b.A56 1977
=090  \\$aInternet Access$bAEU
=100  1\$aAnnis, Larry D.,$eauthor.
=245  10$aSecondary sedimentation study /$cby Larry D. Annis.
=264  \1$c[1977]
=264  \4$c1977
=300  \\$a1 online resource (xiv, 117 pages) :$billustrations, plans
=336  \\$atext$btxt$2rdacontent
=337  \\$acomputer$bc$2rdamedia
=338  \\$aonline resource$bcr$2rdacarrier
=500  \\$a"A thesis submitted to the Faculty of Graduate Studies and Research in partial fulfilment of the requirements for the degree of Master of Science, Department of Civil Engineering."
=502  \\$bM. Sc.$cUniversity of Alberta$d1977.
=504  \\$aIncludes bibliographical references (pages 80-81).
=650  \0$aWater treatment plants.
=650  \0$aSewage disposal plants.
=650  \0$aWater$xPurification.
=650  \0$aSewage$xPurification.
=710  2\$aUniversity of Alberta.$bDepartment of Civil Engineering.
=900  \\$aMK31932
=949  \\$zUAIN$zETHESIS

