=LDR  01232ntm a22003131i 4500
=001  uab09271903
=003  UAB
=005  20140922160746.0
=006  m|||||o||d||||||||
=007  cr||||||||||||
=008  140922t19771977xx\ad\\\obm\\\000\0\eng\d
=040  \\$aUAB$beng$erda$cUAB
=050  \4$aQD96.N8$bL46 1977
=090  \\$aInternet Access$bAEU
=100  1\$aLemieux, Andre,$eauthor.
=245  12$aA nuclear magnetic resonance study of gadolinium (III) ion binding to adenosine triphosphate and inosine triphosphate /$cby Andre Lemieux.
=264  \1$c[1977]
=264  \4$c1977
=300  \\$a1 online resource (x, 57 pages) :$billustrations
=336  \\$atext$btxt$2rdacontent
=337  \\$acomputer$bc$2rdamedia
=338  \\$aonline resource$bcr$2rdacarrier
=500  \\$a"A thesis submitted to the Faculty of Graduate Studies and Research in partial fulfilment of the requirements for the degree of Master of Science, Department of Chemistry."
=502  \\$bM. Sc.$cUniversity of Alberta$d1977.
=504  \\$aIncludes bibliographical references (pages 54-57).
=650  \0$aNuclear magnetic resonance spectroscopy.
=650  \0$aGadolinium.
=710  2\$aUniversity of Alberta.$bDepartment of Chemistry.
=900  \\$aMK32015
=949  \\$zUAIN$zETHESIS

