=LDR  01219ntm a22003131i 4500
=001  uab09272184
=003  UAB
=005  20140923132632.0
=006  m|||||o||d||||||||
=007  cr||||||||||||
=008  140923t19771977xx\ad\\\obm\\\000\0\eng\d
=040  \\$aUAB$beng$erda$cUAB
=050  \4$aQC718.5.M36$bP58 1977
=090  \\$aInternet Access$bAEU
=100  1\$aPitt, Philip Lawrence,$eauthor.
=245  12$aA theory of self-focusing in a magnetized plasma /$cby Philip Lawrence Pitt.
=264  \1$c[1977]
=264  \4$c1977
=300  \\$a1 online resource (ix, 95 pages) :$billustrations
=336  \\$atext$btxt$2rdacontent
=337  \\$acomputer$bc$2rdamedia
=338  \\$aonline resource$bcr$2rdacarrier
=500  \\$a"A thesis submitted to the Faculty of Graduate Studies and Research in partial fulfilment of the requirements for the degree of Master of Science, Department of Electrical Engineering."
=502  \\$bM. Sc.$cUniversity of Alberta$d1977.
=504  \\$aIncludes bibliographical references (pages 90-91).
=590  \\$aLibrary copy imperfect: faded throughout.
=650  \0$aMagnetohydrodynamics.
=710  2\$aUniversity of Alberta.$bDepartment of Electrical Engineering.
=900  \\$aMK32051
=949  \\$zUAIN$zETHESIS

