=LDR  01190ntm a22003011i 4500
=001  uab09272281
=003  UAB
=005  20140923164116.0
=006  m|||||o||d||||||||
=007  cr||||||||||||
=008  140923t19771977xx\ad\\\obm\\\000\0\eng\d
=040  \\$aUAB$beng$erda$cUAB
=050  \4$aQL831$b.T57 1977
=090  \\$aInternet Access$bAEU
=100  1\$aTipnis, Ulka R.,$eauthor.
=245  10$aAlterations in the structure of denervated mammalian skeletel muscle with particular reference to the sarcolemma /$cby Ulka R. Tipnis.
=264  \1$c[1977]
=264  \4$c1977
=300  \\$a1 online resource (xiv, 148 pages) :$billustrations
=336  \\$atext$btxt$2rdacontent
=337  \\$acomputer$bc$2rdamedia
=338  \\$aonline resource$bcr$2rdacarrier
=500  \\$a"A thesis submitted to the Faculty of Graduate Studies and Research in partial fulfilment of the requirements for the degree of Master of Science in (Cell Biology), Department of Zoology."
=502  \\$bM. Sc.$cUniversity of Alberta$d1977.
=504  \\$aIncludes bibliographical references (pages 137-148).
=650  \0$aSarcolemma.
=710  2\$aUniversity of Alberta.$bDepartment of Zoology.
=900  \\$aMK32081
=949  \\$zUAIN$zETHESIS

