=LDR  01320ntm a22003371i 4500
=001  uab09272302
=003  UAB
=005  20140923172651.0
=006  m|||||o||d||||||||
=007  cr||||||||||||
=008  140923t19771977xx\abdf\obm\\\000\0\eng\d
=040  \\$aUAB$beng$erda$cUAB
=050  \4$aQA274.7$b.V56 1977
=090  \\$aInternet Access$bAEU
=100  1\$aVincent, Bruce D.,$eauthor.
=245  10$aMarkov analysis of the Blairmore Group (Lower Cretaceous), Alberta Foothills /$cby Bruce D. Vincent.
=264  \1$c[1977]
=264  \4$c1977
=300  \\$a1 online resource (xii, 282 pages, 6 folded plates) :$billustrations, maps
=336  \\$atext$btxt$2rdacontent
=337  \\$acomputer$bc$2rdamedia
=338  \\$aonline resource$bcr$2rdacarrier
=500  \\$a"A thesis submitted to the Faculty of Graduate Studies and Research in partial fulfilment of the requirements for the degree of Master of Science, Department of Geology."
=500  \\$a6 folded plates enclosed in back cover pocket.
=502  \\$bM. Sc.$cUniversity of Alberta$d1977.
=504  \\$aIncludes bibliographical references (pages 158-167).
=650  \0$aMarkov processes.
=650  \0$aGeology, Stratigraphic$yCretaceous.
=650  \0$aGeology$zAlberta.
=710  2\$aUniversity of Alberta.$bDepartment of Geology.
=900  \\$aMK32085
=949  \\$zUAIN$zETHESIS

