=LDR  01367ntm a22003491i 4500
=001  uab09272308
=003  UAB
=005  20140923174934.0
=006  m|||||o||d||||||||
=007  cr||||||||||||
=008  140923t19771977xx\a\\\\obm\\\000\0\eng\d
=040  \\$aUAB$beng$erda$cUAB
=050  \4$aHQ1459.A3$bW46 1977
=090  \\$aInternet Access$bAEU
=100  1\$aWensel, Joan,$eauthor.
=245  14$aThe Alberta Women's Bureau :$ba community development approach /$cby Joan Wensel.
=264  \1$c[1977]
=264  \4$c1977
=300  \\$a1 online resource (xii, 174 pages) :$billustrations
=336  \\$atext$btxt$2rdacontent
=337  \\$acomputer$bc$2rdamedia
=338  \\$aonline resource$bcr$2rdacarrier
=500  \\$a"A thesis submitted to the Faculty of Graduate Studies and Research in partial fulfilment of the requirements for the degree of Master of Arts in Community Development, Division of Community Development."
=502  \\$bM.A.$cUniversity of Alberta$d1977.
=504  \\$aIncludes bibliographical references (pages 132-141).
=610  20$aAlberta Women's Bureau.
=650  \0$aWomen$xSocial conditions$zAlberta.
=650  \0$aWomen$xPolitical activity$zAlberta.
=650  \0$aWomen's rights$zAlberta.
=650  \0$aCommunity development$zAlberta.
=710  2\$aUniversity of Alberta.$bDivision of Community Development.
=900  \\$aMK32088
=949  \\$zUAIN$zETHESIS

