=LDR  01322ntm a22003611i 4500
=001  uab09272014
=003  UAB
=005  20140922202121.0
=006  m|||||o||d||||||||
=007  cr||||||||||||
=008  140922t19761977xx\\\\\\obm\\\000\0deng\d
=040  \\$aUAB$beng$erda$cUAB
=050  \4$aB2430.A474$bB38 1976
=090  \\$aInternet Access$bAEU
=100  1\$aBaugh, David J.,$eauthor.
=245  10$aAlthusser's science of events /$cby David J. Baugh.
=264  \1$c[1976]
=264  \4$c1977
=300  \\$a1 online resource (134 pages)
=336  \\$atext$btxt$2rdacontent
=337  \\$acomputer$bc$2rdamedia
=338  \\$aonline resource$bcr$2rdacarrier
=500  \\$a"A thesis submitted to the Faculty of Graduate Studies and Research in partial fulfilment of the requirements for the degree of Master of Arts in Department...Political Science..."
=502  \\$bM.A.$cUniversity of Alberta$d1976.
=504  \\$aIncludes bibliographical references (pages 128-134).
=600  10$aAlthusser, Louis,$d1918-1990$xCriticism and interpretation.
=650  \0$aPhilosophy, Marxist.
=650  \0$aTotalitarianism.
=650  \0$aScience$xPhilosophy.
=650  \0$aPolitical science$xPhilosophy.
=650  \0$aStructuralism.
=710  2\$aUniversity of Alberta.$bDepartment of Political Science.
=900  \\$aMK32823
=949  \\$zUAIN$zETHESIS

