=LDR  01395ntm a22003851i 4500
=001  uab09272017
=003  UAB
=005  20140922203136.0
=006  m|||||o||d||||||||
=007  cr||||||||||||
=008  140922t19771977xx\a\\\\obm\\\000\0\eng\d
=040  \\$aUAB$beng$erda$cUAB
=050  \4$aQP321$b.E45 1977
=090  \\$aInternet Access$bAEU
=100  1\$aElliott, Allen G.,$eauthor.
=245  12$aA biomechanical investigation of muscular work /$cby Allen G. Elliott.
=264  \1$c[1977]
=264  \4$c1977
=300  \\$a1 online resource (104 pages) :$billustrations
=336  \\$atext$btxt$2rdacontent
=337  \\$acomputer$bc$2rdamedia
=338  \\$aonline resource$bcr$2rdacarrier
=500  \\$a"A thesis submitted to the Faculty of Graduate Studies and Research in partial fulfilment of the requirements for the degree of Master of Science, Department of Physical Education."
=502  \\$bM. Sc.$cUniversity of Alberta$d1977.
=504  \\$aIncludes bibliographical references (pages 34-35).
=650  \0$aMuscle contraction$xPhysiological aspects.
=650  \0$aPhysical fitness.
=650  \0$aMuscles.
=650  \0$aIsometric exercise.
=650  \0$aExercise$xPhysiological aspects.
=650  \0$aMuscle tone.
=650  \0$aMuscle strength.
=650  \0$aWeight training.
=710  2\$aUniversity of Alberta.$bDepartment of Physical Education.
=900  \\$aMK32826
=949  \\$zUAIN$zETHESIS

