=LDR  01342ntm a22003371i 4500
=001  uab09272020
=003  UAB
=005  20140922205236.0
=006  m|||||o||d||||||||
=007  cr||||||||||||
=008  140922t19771977xx\ad\\\obm\\\000\0\eng\d
=040  \\$aUAB$beng$erda$cUAB
=050  \4$aRM301.5$b.A27 1977
=090  \\$aInternet Access$bAEU
=100  1\$aAbrams, Douglas Norman,$eauthor.
=245  10$aSome studies on 5-fluorouracil-5-18F and 5-fluoro-2-1 deoxyuridine-5-18-F for potential use in diagnostic oncology /$cby Douglas Norman Abrams.
=264  \1$c[1977]
=264  \4$c1977
=300  \\$a1 online resource (142 pages) :$billustrations
=336  \\$atext$btxt$2rdacontent
=337  \\$acomputer$bc$2rdamedia
=338  \\$aonline resource$bcr$2rdacarrier
=500  \\$a"A thesis submitted to the Faculty of Graduate Studies and Research in partial fulfilment of the requirements for the degree of Master of Science in Bionucleonics, Faculty of Pharmacy and Pharmaceutical Sciences."
=502  \\$bM. Sc.$cUniversity of Alberta$d1977.
=504  \\$aIncludes bibliographical references (pages 125-133).
=650  \0$aPharmacokinetics.
=650  \0$aPharmaceutical chemistry.
=650  \0$aCancer$xDiagnosis.
=710  2\$aUniversity of Alberta.
=900  \\$aMK34275
=949  \\$zUAIN$zETHESIS
=987  \\$amissing$b710$dNo department specified.

