=LDR  01313ntm a22003491i 4500
=001  uab09272022
=003  UAB
=005  20140922213037.0
=006  m|||||o||d||||||||
=007  cr||||||||||||
=008  140922t19771977xx\ad\\\obm\\\000\0\eng\d
=040  \\$aUAB$beng$erda$cUAB
=050  \4$aQR185.8.T2$bA43 1977
=090  \\$aInternet Access$bAEU
=100  1\$aAl-Adra, Abdul R.,$eauthor.
=245  10$aAntigen specific suppression of T-cell responses.$nI.,$pSuppressor cells are not cytotoxic cells /$cby Abdul R. Al-Adra.
=264  \1$c[1977]
=264  \4$c1977
=300  \\$a1 online resource (62 pages) :$billustrations
=336  \\$atext$btxt$2rdacontent
=337  \\$acomputer$bc$2rdamedia
=338  \\$aonline resource$bcr$2rdacarrier
=500  \\$a"A thesis submitted to the Faculty of Graduate Studies and Research in partial fulfilment of the requirements for the degree of Master of Science, Department of Immunology."
=502  \\$bM. Sc.$cUniversity of Alberta$d1977.
=504  \\$aIncludes bibliographical references (pages 56-62).
=650  \0$aT cells.
=650  \0$aKiller cells.
=650  \0$aLymphocytes$xMetabolism$xResearch.
=650  \0$aCancer$xImmunotherapy.
=650  \0$aSuppressor cells.
=710  2\$aUniversity of Alberta.$bDepartment of Immunology.
=900  \\$aMK34277
=949  \\$zUAIN$zETHESIS

