=LDR  01502ntm a22003851i 4500
=001  uab09272109
=003  UAB
=005  20140923111107.0
=006  m|||||o||d||||||||
=007  cr||||||||||||
=008  140923t19771977xx\\\\\\obm\\\000\0\eng\d
=040  \\$aUAB$beng$erda$cUAB
=050  \4$aHF5549.5.J63$bA76 1977
=090  \\$aInternet Access$bAEU
=100  1\$aArmit, R. E.,$eauthor.
=245  14$aThe relationship amongst structural, contextual and job satisfaction characteristics /$cby R.E. Armit.
=264  \1$c[1977]
=264  \4$c1977
=300  \\$a1 online resource (405 pages)
=336  \\$atext$btxt$2rdacontent
=337  \\$acomputer$bc$2rdamedia
=338  \\$aonline resource$bcr$2rdacarrier
=500  \\$a"A thesis submitted to the Faculty of Graduate Studies and Research in partial fulfilment of the requirements for the degree of Master of Business Administration, Faculty of Business Administration and Commerce."
=502  \\$bM.B.A.$cUniversity of Alberta$d1977.
=504  \\$aIncludes bibliographical references (pages 330-343).
=650  \0$aJob satisfaction$vSurveys.
=650  \0$aWork$xSocial aspects.
=650  \0$aEmployee attitude surveys$zCanada$zAlberta.
=650  \0$aEmployees$xAttitudes.
=650  \0$aPyschology, Industrial.
=650  \0$aWork environment$zCanada$zAlberta.
=650  \0$aQuality of work life.
=650  \0$aEmployee morale.
=710  2\$aUniversity of Alberta.$bFaculty of Business Administration and Commerce.
=900  \\$aMK34280
=949  \\$zUAIN$zETHESIS

