=LDR  01411ntm a22003851i 4500
=001  uab09272531
=003  UAB
=005  20140924140708.0
=006  m|||||o||d||||||||
=007  cr||||||||||||
=008  140924t19771977xx\ab\\\obm\\\000\0\eng\d
=040  \\$aUAB$beng$erda$cUAB
=043  \\$aa------$ai------
=050  \4$aQE538.5$b.A9 1977
=090  \\$aInternet Access$bAEU
=100  1\$aAu, Chong Ying Daniel,$eauthor.
=245  10$aLower mantle P wave travel time under Asia /$cby Chong Ying Daniel Au.
=264  \1$c[1977]
=264  \4$c1977
=300  \\$a1 online resource (69 pages) :$billustrations, maps
=336  \\$atext$btxt$2rdacontent
=337  \\$acomputer$bc$2rdamedia
=338  \\$aonline resource$bcr$2rdacarrier
=500  \\$a"A thesis submitted to the Faculty of Graduate Studies and Research in partial fulfilment of the requirements for the degree of Master of Science, Department of Physics."
=502  \\$bM. Sc.$cUniversity of Alberta$d1977.
=504  \\$aIncludes bibliographical references (leaves 66-69).
=650  \0$aSeismic waves$xSpeed$xMeasurement.
=650  \0$aSeismology$zIndian Ocean.
=650  \0$aSeismology$vObservations.
=650  \0$aGeodynamics$xMeasurement.
=650  \0$aGeology, Structural$zAsia.
=651  \0$aEarth (Planet)Mantle.
=650  \0$aGeophysics$zAsia.
=710  2\$aUniversity of Alberta.$bDepartment of Physics.
=900  \\$aMK34281
=949  \\$zUAIN$zETHESIS

