=LDR  01263ntm a22003251i 4500
=001  uab09272617
=003  UAB
=005  20140924171044.0
=006  m|||||o||d||||||||
=007  cr||||||||||||
=008  140924t19771977xx\ad\\\obm\\\000\0\eng\d
=040  \\$aUAB$beng$erda$cUAB
=050  \4$aQP601.6$b.C44 1977
=090  \\$aInternet Access$bAEU
=100  1\$aCherwonogrodzky, John Walter,$eauthor.
=245  10$aExtracellular proteases of a species of Pseudomonas /$cby John Walter Cherwonogrodzky.
=264  \1$c[1977]
=264  \4$c1977
=300  \\$a1 online resource (xv, 132 pages) :$billustrations
=336  \\$atext$btxt$2rdacontent
=337  \\$acomputer$bc$2rdamedia
=338  \\$aonline resource$bcr$2rdacarrier
=500  \\$a"A thesis submitted to the Faculty of Graduate Studies and Research in partial fulfilment of the requirements for the degree of Master of Science, Department of Microbiology."
=502  \\$bM. Sc.$cUniversity of Alberta$d1977.
=504  \\$aIncludes bibliographical references (pages 110-129).
=650  \0$aPseudomonas.
=650  \0$aExtracellular enzymes$xAnalysis.
=650  \0$aExtracellular enzymes$xEffect of temperature on.
=710  2\$aUniversity of Alberta.$bDepartment of Microbiology.
=900  \\$aMK34312
=949  \\$zUAIN$zETHESIS

