=LDR  01239ntm a22003371i 4500
=001  uab09272630
=003  UAB
=005  20140924173340.0
=006  m|||||o||d||||||||
=007  cr||||||||||||
=008  140924t19771977xx\a\\\\obm\\\000\0\eng\d
=040  \\$aUAB$beng$erda$cUAB
=050  \4$aQE539.2.M37$bC48 1977
=090  \\$aInternet Access$bAEU
=100  1\$aChurney, Garth,$eauthor.
=245  10$aComputation of synthetic seismograms by ray methods /$cby Garth Churney.
=264  \1$c[1977]
=264  \4$c1977
=300  \\$a1 online resource (93 pages) :$billustrations
=336  \\$atext$btxt$2rdacontent
=337  \\$acomputer$bc$2rdamedia
=338  \\$aonline resource$bcr$2rdacarrier
=500  \\$a"A thesis submitted to the Faculty of Graduate Studies and Research in partial fulfilment of the requirements for the degree of Master of Science, Department of  Physics."
=502  \\$bM. Sc.$cUniversity of Alberta$d1977.
=504  \\$aIncludes bibliographical references (leaf 61).
=650  \0$aSeismology$xMathematics.
=650  \0$aSeismic waves$xData processing.
=650  \0$aRay tracing algorithms.
=650  \0$aPhysics$xResearch.
=710  2\$aUniversity of Alberta.$bDepartment of Physics.
=900  \\$aMK34313
=949  \\$zUAIN$zETHESIS

