=LDR  01276ntm a22003611i 4500
=001  uab09272660
=003  UAB
=005  20140924190212.0
=006  m|||||o||d||||||||
=007  cr||||||||||||
=008  140924t19771977xx\ad\\\obm\\\000\0\eng\d
=040  \\$aUAB$beng$erda$cUAB
=050  \4$aQC929.H15$bD36 1977
=090  \\$aInternet Access$bAEU
=100  1\$aD'Amours, Real,$eauthor.
=245  12$aA numerical model for heat transfers during hailstone icing /$cby Real D'Amours.
=264  \1$c[1977]
=264  \4$c1977
=300  \\$a1 online resource (112 pages) :$billustrations
=336  \\$atext$btxt$2rdacontent
=337  \\$acomputer$bc$2rdamedia
=338  \\$aonline resource$bcr$2rdacarrier
=500  \\$a"A thesis submitted to the Faculty of Graduate Studies and Research in partial fulfilment of the requirements for the degree of Master of Science, "Department of Geography."
=502  \\$bM. Sc.$cUniversity of Alberta$d1977.
=504  \\$aIncludes bibliographical references (pages 95-97).
=650  \0$aHail.
=650  \0$aHeat$xTransmission$xMathematical models.
=650  \0$aThermodynamics.
=650  \0$aIce$xTesting.
=650  \0$aIce mechanics.
=650  \0$aIcing (Meteorology)
=710  2\$aUniversity of Alberta.
=900  \\$aMK34323
=949  \\$zUAIN$zETHESIS

