=LDR  01257ntm a22003251i 4500
=001  uab09272675
=003  UAB
=005  20140924200904.0
=006  m|||||o||d||||||||
=007  cr||||||||||||
=008  140924t19771977xx\\\\\\obm\\\000\0deng\d
=040  \\$aUAB$beng$erda$cUAB
=050  \4$aHN90.C6$bD56 1977
=090  \\$aInternet Access$bAEU
=100  1\$aDinwoodi, Marie,$eauthor.
=245  10$aShaping the community concept examples from United States' history /$cMarie Dinwoodie.
=264  \1$c[1977]
=264  \4$c1977
=300  \\$a1 online resource (176 pages)
=336  \\$atext$btxt$2rdacontent
=337  \\$acomputer$bc$2rdamedia
=338  \\$aonline resource$bcr$2rdacarrier
=500  \\$a"A thesis submitted to the Faculty of Graduate Studies and Research in partial fulfilment of the requirements for the degree of Master of Arts, Division of Community Development."
=502  \\$bM. A.$cUniversity of Alberta$d1977.
=504  \\$aIncludes bibliographical references (pages 168-176).
=650  \0$aCommunity development$zUnited States.
=650  \0$aSocial structure$zUnited States.
=651  \0$aUnited States$xSocial conditions$xHistory.
=710  2\$aUniversity of Alberta.$bDivision of Community Development.
=900  \\$aMK34325
=949  \\$zUAIN$zETHESIS

