=LDR  01520ntm a22003731i 4500
=001  uab09272681
=003  UAB
=005  20140924204044.0
=006  m|||||o||d||||||||
=007  cr||||||||||||
=008  140924t19771977xx\b\\\\obm\\\000\0ceng\d
=040  \\$aUAB$beng$erda$cUAB
=050  \4$aDA47.9.M628$bE27 1977
=090  \\$aInternet Access$bAEU
=100  1\$aEastwood, Terence M.,$eauthor.
=245  10$aBritain and the Sykes-Picot agreement :$bthe making of a new policy in the Middle East, 1914-1916 /$cby Terence M. Eastwood.
=264  \1$c[1977]
=264  \4$c1977
=300  \\$a1 online resource (114 pages) :$bmap
=336  \\$atext$btxt$2rdacontent
=337  \\$acomputer$bc$2rdamedia
=338  \\$aonline resource$bcr$2rdacarrier
=500  \\$a"A thesis submitted to the Faculty of Graduate Studies and Research in partial fulfilment of the requirements for the degree of Master of Arts, Department of History."
=502  \\$bM.A.$cUniversity of Alberta$d1977.
=504  \\$aIncludes bibliographical references (pages 106-112).
=651  \0$aGreat Britain$xForeign relations$zMiddle East.
=651  \0$aMiddle East$xForeign relations$zGreat Britain.
=651  \0$aMiddle East$xHistory$y20th century.
=600  10$aSykes, Mark,$d1879-1919.
=600  10$aGeorges-Picot, Francois,$d1870-1951.
=650  \0$aWorld War, 1914-1918$xTerritorial questions$zMiddle East.
=650  \0$aBoundary disputes$zMiddle East.
=710  2\$aUniversity of Alberta.$bDepartment of History.
=900  \\$aMK34330
=949  \\$zUAIN$zETHESIS

