=LDR  01353ntm a22003491i 4500
=001  uab09272691
=003  UAB
=005  20140924211559.0
=006  m|||||o||d||||||||
=007  cr||||||||||||
=008  140924t19771977xx\ad\\\obm\\\000\0\eng\d
=040  \\$aUAB$beng$erda$cUAB
=050  \4$aBF295$b.F73 1977
=090  \\$aInternet Access$bAEU
=100  1\$aFranks, Ian M.,$eauthor.
=245  14$aThe organization of a patterned sequence of movements /$cby Ian M. Franks.
=264  \1$c[1977]
=264  \4$c1977
=300  \\$a1 online resource (134 pages) :$billustrations
=336  \\$atext$btxt$2rdacontent
=337  \\$acomputer$bc$2rdamedia
=338  \\$aonline resource$bcr$2rdacarrier
=500  \\$a"A thesis submitted to the Faculty of Graduate Studies and Research in partial fulfilment of the requirements for the degree of M. Sc. in Motor Learning and Human Performance, Department of Physical Education."
=502  \\$bM. Sc.$cUniversity of Alberta$d1977.
=504  \\$aIncludes bibliographical references (pages 110-120).
=650  \0$aMovement, Psychology of.
=650  \0$aMotor ability$xTesting.
=650  \0$aMotor learning$xTesting.
=650  \0$aPerceptual-motor processes.
=650  \0$aShort-term memory$xPhysiological aspects.
=710  2\$aUniversity of Alberta.$bDepartment of Physical Education.
=900  \\$aMK34342
=949  \\$zUAIN$zETHESIS

