=LDR  01346ntm a22003611i 4500
=001  uab09272693
=003  UAB
=005  20140924212857.0
=006  m|||||o||d||||||||
=007  cr||||||||||||
=008  140924t19771977xx\\\\\\obm\\\000\0dita\d
=040  \\$aUAB$beng$erda$cUAB
=041  0\$aita$beng$bita
=050  \4$aPQ4606.Z5$bG38 1977
=090  \\$aInternet Access$bAEU
=100  1\$aGatto, Emilio G.,$eauthor.
=245  10$aPassione e ragione in Bandello /$cby Emilio G. Gatto.
=264  \1$c[1977]
=264  \4$c1977
=300  \\$a1 online resource (73 pages)
=336  \\$atext$btxt$2rdacontent
=337  \\$acomputer$bc$2rdamedia
=338  \\$aonline resource$bcr$2rdacarrier
=500  \\$a"A thesis submitted to the Faculty of Graduate Studies and Research in partial fulfilment of the requirements for the degree of Master of Arts, Department of Romance Languages."
=502  \\$bM.A.$cUniversity of Alberta$d1977.
=504  \\$aIncludes bibliographical references (pages 71-73).
=546  \\$aIn Italian; abstract in English and Italian.
=600  10$aBandello, Matteo,$d1485-1561$xCriticism and interpretation.
=650  \0$aNovelle$xHistory and criticism.
=650  \0$aReason in literature.
=650  \0$aLove in literature.
=710  2\$aUniversity of Alberta.$bDepartment of Romance Languages.
=900  \\$aMK34344
=949  \\$zUAIN$zETHESIS

