=LDR  01267ntm a22003251i 4500
=001  uab09272701
=003  UAB
=005  20140924222411.0
=006  m|||||o||d||||||||
=007  cr||||||||||||
=008  140924t19771977xx\ad\\\obm\\\000\0\eng\d
=040  \\$aUAB$beng$erda$cUAB
=050  \4$aQP301$b.G63 1977
=090  \\$aInternet Access$bAEU
=100  1\$aGodin, Gaston,$eauthor.
=245  10$aPhysiological responses to various ambient temperatures (4C to 40C) during exercise /$cby Gaston Godin.
=264  \1$c[1977]
=264  \4$c1977
=300  \\$a1 online resource (111 pages) :$billustrations
=336  \\$atext$btxt$2rdacontent
=337  \\$acomputer$bc$2rdamedia
=338  \\$aonline resource$bcr$2rdacarrier
=500  \\$a"A thesis submitted to the Faculty of Graduate Studies and Research in partial fulfilment of the requirements for the degree of Master of Science, Department of Physical Education."
=502  \\$bM. Sc.$cUniversity of Alberta$d1977.
=504  \\$aIncludes bibliographical references (pages 65-71).
=650  \0$aExercise$xPhysiological aspects.
=650  \0$aCold$xPhysiological effect.
=650  \0$aHeat$xPhysiological effect.
=710  2\$aUniversity of Alberta.$bDepartment of Physical Education.
=900  \\$aMK34350
=949  \\$zUAIN$zETHESIS

