=LDR  01361ntm a22003731i 4500
=001  uab09272703
=003  UAB
=005  20140924223350.0
=006  m|||||o||d||||||||
=007  cr||||||||||||
=008  140924t19771977xx\\\\\\obm\\\000\0\eng\d
=040  \\$aUAB$beng$erda$cUAB
=043  \\$an-cn---
=050  \4$aSF206$b.G66 1977
=090  \\$aInternet Access$bAEU
=100  1\$aGonyou, Harold,$eauthor.
=245  10$aBehavioural and physiological responses of feedlot cattle Bos taurus to winter conditions /$cby Harold Gonyou.
=264  \1$c[1977]
=264  \4$c1977
=300  \\$a1 online resource (109 pages) :$billustrations
=336  \\$atext$btxt$2rdacontent
=337  \\$acomputer$bc$2rdamedia
=338  \\$aonline resource$bcr$2rdacarrier
=500  \\$a"A thesis submitted to the Faculty of Graduate Studies and Research in partial fulfilment of the requirements for the degree of Master of Science in Animal Physiology, Department of Animal Science."
=502  \\$bM. Sc.$cUniversity of Alberta$d1977.
=504  \\$aIncludes bibliographical references (pages 77-86).
=650  \0$aCattle$xHousing.
=650  \0$aCattle$xFeeding and feeds.
=650  \0$aFeedlots$zCanada.
=650  \0$aCattle$xPhysiology.
=650  \0$aCattle$xHabitat$zCanada.
=650  \0$aCattle$xBehavior.
=710  2\$aUniversity of Alberta.
=900  \\$aMK34352
=949  \\$zUAIN$zETHESIS

