=LDR  01294ntm a22003371i 4500
=001  uab09272801
=003  UAB
=005  20140925123926.0
=006  m|||||o||d||||||||
=007  cr||||||||||||
=008  140925t19771977xx\\\\\\obm\\\000\0dfre\d
=040  \\$aUAB$beng$erda$cUAB
=041  0\$afre$beng$bfre
=050  \4$aPQ3919.R74$bZ642 1977
=090  \\$aInternet Access$bAEU
=100  1\$aGostick, Patricia,$eauthor.
=245  13$aLa signification du voyage dans l'oeuvre de Gabrielle Roy /$cby Patricia Gostick.
=264  \1$c[1977]
=264  \4$c1977
=300  \\$a1 online resource (vi, 94 pages)
=336  \\$atext$btxt$2rdacontent
=337  \\$acomputer$bc$2rdamedia
=338  \\$aonline resource$bcr$2rdacarrier
=500  \\$a"A thesis submitted to the Faculty of Graduate Studies and Research in partial fulfilment of the requirements for the degree of Master of Arts, Department of Romance Languages."
=502  \\$bM.A.$cUniversity of Alberta$d1977.
=504  \\$aIncludes bibliographical references (pages 86-94). 
=546  \\$aIn French; abstract in English and French.
=600  10$aRoy, Gabrielle,$d1909-1983$xCriticism and interpretation.
=650  \0$aTravel in literature.
=710  2\$aUniversity of Alberta.$bDepartment of Romance Languages.
=900  \\$aMK34353
=949  \\$zUAIN$zETHESIS

