=LDR  01140ntm a22003011i 4500
=001  uab09272160
=003  UAB
=005  20140923121409.0
=006  m|||||o||d||||||||
=007  cr||||||||||||
=008  140923t19771977xx\\\\\\obm\\\000\0\eng\d
=040  \\$aUAB$beng$erda$cUAB
=050  \4$aQC173.7$b.P45 1977
=090  \\$aInternet Access$bAEU
=100  1\$aPhillips, Douglas Stanley,$eauthor.
=245  10$aAspects of classical particle-like fields with fixed charge /$cby Douglas Stanley Phillips.
=264  \1$c[1977]
=264  \4$c1977
=300  \\$a1 online resource (xi, 122 pages)
=336  \\$atext$btxt$2rdacontent
=337  \\$acomputer$bc$2rdamedia
=338  \\$aonline resource$bcr$2rdacarrier
=500  \\$a"A thesis submitted to the Faculty of Graduate Studies and Research in partial fulfilment of the requirements for the degree of Master of Science in Theoretical Physics."
=502  \\$bM. Sc.$cUniversity of Alberta$d1977.
=504  \\$aIncludes bibliographical references (pages 103-104).
=650  \0$aField theory (Physics)$xMathematics.
=900  \\$aMK34454
=949  \\$zUAIN$zETHESIS
=987  \\$amissing$b710$dNo department specified.

