=LDR  01375ntm a22003371i 4500
=001  uab09272167
=003  UAB
=005  20140923122933.0
=006  m|||||o||d||||||||
=007  cr||||||||||||
=008  140923t19771977xx\ad\\\obm\\\000\0\eng\d
=040  \\$aUAB$beng$erda$cUAB
=043  \\$an-cn-ab
=050  \4$aTD893.6.A57$bR45 1977
=090  \\$aInternet Access$bAEU
=100  1\$aReid, Bradford G.,$eauthor.
=245  10$aAircraft noise and residential property values :$bhedonic estimates of the cost of aircraft noise in the city of Edmonton /$cby Bradford G. Reid.
=264  \1$c[1977]
=264  \4$c1977
=300  \\$a1 online resource (x, 137 pages) :$billustrations
=336  \\$atext$btxt$2rdacontent
=337  \\$acomputer$bc$2rdamedia
=338  \\$aonline resource$bcr$2rdacarrier
=500  \\$a"A thesis submitted to the Faculty of Graduate Studies and Research in partial fulfillment of the requirements for the degree of Master of Arts, Department of Economics."
=502  \\$bM.A.$cUniversity of Alberta$d1977.
=504  \\$aIncludes bibliographical references (pages 122-127).
=650  \0$aAirplanes$xNoise$xEconomic aspects$zAlberta$zEdmonton.
=650  \0$aNoise pollution$xEconomic aspects$zAlberta$zEdmonton.
=650  \0$aAirport noise$zAlberta$zEdmonton.
=710  2\$aUniversity of Alberta.$bDepartment of Economics.
=900  \\$aMK34457
=949  \\$zUAIN$zETHESIS

