=LDR  01282ntm a22003251i 4500
=001  uab09272169
=003  UAB
=005  20140923123213.0
=006  m|||||o||d||||||||
=007  cr||||||||||||
=008  140923t19771977xx\ad\\\obm\\\000\0\eng\d
=040  \\$aUAB$beng$erda$cUAB
=050  \4$aQP368$b.R44 1977
=090  \\$aInternet Access$bAEU
=100  1\$aRheaume, Dorianne E.,$eauthor.
=245  10$aEffect of hormone pretreatment on contractility of rabbit oviductal isthmus :$brole of adrenergic mechanisms /$cby Dorianne E. Rheaume.
=264  \1$c[1977]
=264  \4$c1977
=300  \\$a1 online resource (xiii, 107 pages) :$billustrations
=336  \\$atext$btxt$2rdacontent
=337  \\$acomputer$bc$2rdamedia
=338  \\$aonline resource$bcr$2rdacarrier
=500  \\$a"A thesis submitted to the Faculty of Graduate Studies and Research in partial fulfilment of the requirements for the degree of Master of Science, Department of Pharmacology."
=502  \\$bM. Sc.$cUniversity of Alberta$d1977.
=504  \\$aIncludes bibliographical references (pages 91-103).
=650  \0$aAdrenergic mechanisms.
=650  \0$aOviduct.
=650  \0$aRabbits$xReproduction$xEndocrine aspects.
=710  2\$aUniversity of Alberta.$bDepartment of Pharmacology.
=900  \\$aMK34460
=949  \\$zUAIN$zETHESIS

