=LDR  01122ntm a22003131i 4500
=001  uab09272214
=003  UAB
=005  20140923143339.0
=006  m|||||o||d||||||||
=007  cr||||||||||||
=008  140923t19771977xx\\\\\\obm\\\000\0\eng\d
=040  \\$aUAB$beng$erda$cUAB
=050  \4$aQA611.28$b.R84 1977
=090  \\$aInternet Access$bAEU
=100  1\$aRuhnau, Eva,$eauthor.
=245  10$aSpaces of locally constant connection /$cby Eva Ruhnau.
=264  \1$c[1977]
=264  \4$c1977
=300  \\$a1 online resource (ix, 94 pages)
=336  \\$atext$btxt$2rdacontent
=337  \\$acomputer$bc$2rdamedia
=338  \\$aonline resource$bcr$2rdacarrier
=500  \\$a"A thesis submitted to the Faculty of Graduate Studies and Research in partial fulfilment of the requirements for the degree of Master of Science, Department of Mathematics."
=502  \\$bM. Sc.$cUniversity of Alberta$d1977.
=504  \\$aIncludes bibliographical references (pages 83-84).
=650  \0$aMetric spaces.
=650  \0$aDifferential equations.
=710  2\$aUniversity of Alberta.$bDepartment of Mathematics.
=900  \\$aMK34466
=949  \\$zUAIN$zETHESIS

