=LDR  01128ntm a22003011i 4500
=001  uab09272218
=003  UAB
=005  20140923143807.0
=006  m|||||o||d||||||||
=007  cr||||||||||||
=008  140923t19771977xx\\\\\\obm\\\000\0deng\d
=040  \\$aUAB$beng$erda$cUAB
=050  \4$aPR9199.3.B44$bZ863 1977
=090  \\$aInternet Access$bAEU
=100  1\$aSchelstraete, Nancy,$eauthor.
=245  10$aEarle Birney's mountain poems /$cby Nancy Schelstraete.
=264  \1$c[1977]
=264  \4$c1977
=300  \\$a1 online resource (viii, 147 pages)
=336  \\$atext$btxt$2rdacontent
=337  \\$acomputer$bc$2rdamedia
=338  \\$aonline resource$bcr$2rdacarrier
=500  \\$a"A thesis submitted to the Faculty of Graduate Studies and Research in partial fulfilment of the requirements for the degree of Master of Arts, Department of English."
=502  \\$bM.A.$cUniversity of Alberta$d1977.
=504  \\$aIncludes bibliographical references (pages 141-146).
=600  10$aBirney, Earle,$d1904-1995$xCriticism and interpretation.
=710  2\$aUniversity of Alberta.$bDepartment of English.
=900  \\$aMK34471
=949  \\$zUAIN$zETHESIS

