=LDR  01289ntm a22003371i 4500
=001  uab09272220
=003  UAB
=005  20140923144141.0
=006  m|||||o||d||||||||
=007  cr||||||||||||
=008  140923t19771977xx\a\\\\obm\\\000\0\eng\d
=040  \\$aUAB$beng$erda$cUAB
=043  \\$an-cn-ab
=050  \4$aLB3605$b.S38 1977
=090  \\$aInternet Access$bAEU
=100  1\$aSchuh, Ralph M.,$eauthor.
=245  10$aCanadian student attitudes towards international education at the University of Alberta /$cby Ralph M. Schuh.
=264  \1$c[1977]
=264  \4$c1977
=300  \\$a1 online resource (xii, 220 pages) :$billustrations
=336  \\$atext$btxt$2rdacontent
=337  \\$acomputer$bc$2rdamedia
=338  \\$aonline resource$bcr$2rdacarrier
=500  \\$a"A thesis submitted to the Faculty of Graduate Studies and Research in partial fulfillment of the requirements for the degree of Master of Arts, Department of Sociology."
=502  \\$bM.A.$cUniversity of Alberta$d1977.
=504  \\$aIncludes bibliographical references (pages 187-201).
=650  \0$aCanadian students$xAttitudes.
=650  \0$aStudent exchange programs$zAlberta.
=650  \0$aForeign study$xPublic opinion.
=710  2\$aUniversity of Alberta.$bDepartment of Sociology.
=900  \\$aMK34472
=949  \\$zUAIN$zETHESIS

