=LDR  01289ntm a22003131i 4500
=001  uab09272222
=003  UAB
=005  20140923144425.0
=006  m|||||o||d||||||||
=007  cr||||||||||||
=008  140923t19771977xx\a\\\\obm\\\000\0\eng\d
=040  \\$aUAB$beng$erda$cUAB
=050  \4$aBF575.A85$bS53 1977
=090  \\$aInternet Access$bAEU
=100  1\$aShaw, Edward Robert,$eauthor.
=245  10$aEvaluation of a videotape model in teaching assertive behavior to children /$cby Edward Robert Shaw.
=264  \1$c[1977]
=264  \4$c1977
=300  \\$a1 online resource (xi, 95 pages) :$billustrations
=336  \\$atext$btxt$2rdacontent
=337  \\$acomputer$bc$2rdamedia
=338  \\$aonline resource$bcr$2rdacarrier
=500  \\$a"A thesis submitted to the Faculty of Graduate Studies and Research in partial fulfilment of the requirements for the degree of Master of Education in Counselling Psychology, Department of Educational Psychology."
=502  \\$bMaster of Education$cUniversity of Alberta$d1977.
=504  \\$aIncludes bibliographical references (pages 67-87).
=650  \0$aAssertiveness$xStudy and teaching (Secondary)
=650  \0$aAssertiveness (Psychology)
=710  2\$aUniversity of Alberta.$bDepartment of Educational Psychology.
=900  \\$aMK34476
=949  \\$zUAIN$zETHESIS

