=LDR  01172ntm a22003131i 4500
=001  uab09272226
=003  UAB
=005  20140923145006.0
=006  m|||||o||d||||||||
=007  cr||||||||||||
=008  140923t19771977xx\\\\\\obm\\\000\0\eng\d
=040  \\$aUAB$beng$erda$cUAB
=050  \4$aQC665.E4$bS55 1977
=090  \\$aInternet Access$bAEU
=100  1\$aShintani, Meiun,$eauthor.
=245  10$aAbelian gauge fields and Goldstone theorem /$cby Meiun Shintani.
=264  \1$c[1977]
=264  \4$c1977
=300  \\$a1 online resource (x, 91 pages)
=336  \\$atext$btxt$2rdacontent
=337  \\$acomputer$bc$2rdamedia
=338  \\$aonline resource$bcr$2rdacarrier
=500  \\$a"A thesis submitted to the Faculty of Graduate Studies and Research in partial fulfilment of the requirements for the degree of Master of Science in Theoretical Physics, Department of Physics."
=502  \\$bM. Sc.$cUniversity of Alberta$d1977.
=504  \\$aIncludes bibliographical references (pages 75-79).
=650  \0$aElectromagnetic fields$xMeasurement.
=650  \0$aBroken symmetry (Physics)
=710  2\$aUniversity of Alberta.$bDepartment of Physics.
=900  \\$aMK34477
=949  \\$zUAIN$zETHESIS

