=LDR  01273ntm a22003131i 4500
=001  uab09272244
=003  UAB
=005  20140923153104.0
=006  m|||||o||d||||||||
=007  cr||||||||||||
=008  140923t19771977xx\ad\\\obm\\\000\0\eng\d
=040  \\$aUAB$beng$erda$cUAB
=050  \4$aPE1441$b.S69 1977
=090  \\$aInternet Access$bAEU
=100  1\$aSmyth, Ronald H.,$eauthor.
=245  10$aContext effects in memory for information focus :$ban experimental study of English cleft and dative sentences /$cby Ronald H. Smyth.
=264  \1$c[1977]
=264  \4$c1977
=300  \\$a1 online resource (xii, 134 pages) :$billustrations
=336  \\$atext$btxt$2rdacontent
=337  \\$acomputer$bc$2rdamedia
=338  \\$aonline resource$bcr$2rdacarrier
=500  \\$a"A thesis submitted to the Faculty of Graduate Studies and Research in partial fulfilment of the requirements for the degree of Master of Science in Psycholinguistics, Department of Linguistics."
=502  \\$bM. Sc.$cUniversity of Alberta$d1977.
=504  \\$aIncludes bibliographical references (pages 106-117).
=650  \0$aEnglish language$xSentences.
=650  \0$aEnglish language$xDiscourse analysis.
=710  2\$aUniversity of Alberta.$bDepartment of Linguistics.
=900  \\$aMK34484
=949  \\$zUAIN$zETHESIS

