=LDR  01249ntm a22003251i 4500
=001  uab09272253
=003  UAB
=005  20140923154508.0
=006  m|||||o||d||||||||
=007  cr||||||||||||
=008  140923t19771977xx\ad\\\obm\\\000\0\eng\d
=040  \\$aUAB$beng$erda$cUAB
=050  \4$aHD9235.R3$bS74 1977
=090  \\$aInternet Access$bAEU
=100  1\$aSteedman, Carol Diane,$eauthor.
=245  10$aEating quality of broiler chickens fed rapeseed meal rations /$cby Carol Diane Steedman.
=264  \1$c[1977]
=264  \4$c1977
=300  \\$a1 online resource (xii, 118 pages) :$billustrations
=336  \\$atext$btxt$2rdacontent
=337  \\$acomputer$bc$2rdamedia
=338  \\$aonline resource$bcr$2rdacarrier
=500  \\$a"A thesis submitted to the Faculty of Graduate Studies and Research in partial fulfillment of the requirements for the degree of Master of Science in Foods, Faculty of Home Economics."
=502  \\$bM. Sc.$cUniversity of Alberta$d1977.
=504  \\$aIncludes bibliographical references (pages 96-104).
=650  \0$aRapeseed products.
=650  \0$aChickens$xFeeding and feeds.
=650  \0$aProtein in animal nutrition.
=710  2\$aUniversity of Alberta.$bFaculty of Home Economics.
=900  \\$aMK34490
=949  \\$zUAIN$zETHESIS

