=LDR  01200ntm a22003371i 4500
=001  uab09272255
=003  UAB
=005  20140923155238.0
=006  m|||||o||d||||||||
=007  cr||||||||||||
=008  140923t19771977xx\ad\\\obm\\\000\0\eng\d
=040  \\$aUAB$beng$erda$cUAB
=043  \\$ax------
=050  \4$aQE511$b.S93 1977
=090  \\$aInternet Access$bAEU
=100  1\$aSydora, Larry J.,$eauthor.
=245  10$aEffects of the downgoing lithosphere /$cby Larry J. Sydora.
=264  \1$c[1977]
=264  \4$c1977
=300  \\$a1 online resource (x, 86 pages) :$billustrations
=336  \\$atext$btxt$2rdacontent
=337  \\$acomputer$bc$2rdamedia
=338  \\$aonline resource$bcr$2rdacarrier
=500  \\$a"A thesis submitted to the Faculty of Graduate Studies and Research in partial fulfilment of the requirements for the degree of Master of Science in Geophysics, Department of Physics."
=502  \\$bM. Sc.$cUniversity of Alberta$d1977.
=504  \\$aIncludes bibliographical references (pages 82-86).
=650  \0$aLithosphere.
=651  \0$aEarth (Planet)$xCrust.
=650  \0$aGeodynamics.
=710  2\$aUniversity of Alberta.$bDepartment of Physics.
=900  \\$aMK34496
=949  \\$zUAIN$zETHESIS

