=LDR  01204ntm a22003131i 4500
=001  uab09272270
=003  UAB
=005  20140923162555.0
=006  m|||||o||d||||||||
=007  cr||||||||||||
=008  140923t19771977xx\a\\\\obm\\\000\0\eng\d
=040  \\$aUAB$beng$erda$cUAB
=050  \4$aQE861.4$b.T97 1977
=090  \\$aInternet Access$bAEU
=100  1\$aTyson, H.,$eauthor.
=245  10$aFunctional craniology of the Ceratopsia (Reptilia: Ornithischia) with special reference to Eoceratops /$cby H. Tyson.
=264  \1$c[1977]
=264  \4$c1977
=300  \\$a1 online resource (xix, 339 pages) :$billustrations
=336  \\$atext$btxt$2rdacontent
=337  \\$acomputer$bc$2rdamedia
=338  \\$aonline resource$bcr$2rdacarrier
=500  \\$a"A thesis submitted to the Faculty of Graduate Studies and Research in partial fulfilment of the requirements for the degree of Master of Science, Department of Zoology."
=502  \\$bM. Sc.$cUniversity of Alberta$d1977.
=504  \\$aIncludes bibliographical references (pages 321-339).
=650  \0$aDinosaurs$xPhysiology.
=650  \0$aPaleontology$yCretaceous.
=710  2\$aUniversity of Alberta.$bDepartment of Zoology.
=900  \\$aMK34507
=949  \\$zUAIN$zETHESIS

