=LDR  01252ntm a22003371i 4500
=001  uab09272395
=003  UAB
=005  20140924091043.0
=006  m|||||o||d||||||||
=007  cr||||||||||||
=008  140924t19771977xx\ad\\\obm\\\000\0\eng\d
=040  \\$aUAB$beng$erda$cUAB
=043  \\$an-cn-mb$an-cn-sn$an-cn-ab
=050  \4$aQL696.A52$bY68 1977
=090  \\$aInternet Access$bAEU
=100  1\$aYoung, Donald A.,$eauthor.
=245  10$aCharacteristics of the moults in the male mallard Anas platyrhynchos /$cby Donald A. Young.
=264  \1$c[1977]
=264  \4$c1977
=300  \\$a1 online resource (x, 107 pages) :$billustrations
=336  \\$atext$btxt$2rdacontent
=337  \\$acomputer$bc$2rdamedia
=338  \\$aonline resource$bcr$2rdacarrier
=500  \\$a"A thesis submitted to the Faculty of Graduate Studies and Research in partial fulfilment of the requirements for the degree of Master of Science, Department of Zoology."
=502  \\$bM. Sc.$cUniversity of Alberta$d1977.
=504  \\$aIncludes bibliographical references (pages 98-107).
=650  \0$aMallard$zManitoba.
=650  \0$aMallard$zSaskatchewan.
=650  \0$aMallard$zAlberta.
=710  2\$aUniversity of Alberta.$bDepartment of Zoology.
=900  \\$aMK34525
=949  \\$zUAIN$zETHESIS

