=LDR  01310ntm a22003131i 4500
=001  uab09272415
=003  UAB
=005  20140924100714.0
=006  m|||||o||d||||||||
=007  cr||||||||||||
=008  140924t19771977xx\ad\\\obm\\\000\0\eng\d
=040  \\$aUAB$beng$erda$cUAB
=050  \4$aSB118.34$bA35 1977
=090  \\$aInternet Access$bAEU
=100  1\$aAhimbisibwe, J. Karibondo-Karabashensheire,$eauthor.
=245  13$aAn economic output and pricing policy for service cooperatives :$ba case study of Alberta cooperative seed cleaning plants /$cby J. Karibondo-Karabashensheire Ahimbisibwe.
=264  \1$c[1977]
=264  \4$c1977
=300  \\$a1 online resource (xii, 90 pages) :$billustrations
=336  \\$atext$btxt$2rdacontent
=337  \\$acomputer$bc$2rdamedia
=338  \\$aonline resource$bcr$2rdacarrier
=500  \\$a"A thesis submitted to the Faculty of Graduate Studies and Research in partial fulfillment of the requirements for the degree of Master of Science, Department of Rural Economy."
=502  \\$bM. Sc.$cUniversity of Alberta$d1977.
=504  \\$aIncludes bibliographical references (pages 69-72).
=650  \0$aSeeds$xCleaning.
=650  \0$aSeeds$xCleaning$xEquipment and supplies.
=710  2\$aUniversity of Alberta.$bDepartment of Rural Economy.
=900  \\$aMK36341
=949  \\$zUAIN$zETHESIS

