=LDR  01303ntm a22003251i 4500
=001  uab09272417
=003  UAB
=005  20140924101240.0
=006  m|||||o||d||||||||
=007  cr||||||||||||
=008  140924t19771977xx\abd\\obm\\\000\0\eng\d
=040  \\$aUAB$beng$erda$cUAB
=043  \\$an-cn-ab
=050  \4$aQE471.15.B4$bA43 1977
=090  \\$aInternet Access$bAEU
=100  1\$aAmajor, Levi Chukwuemeka,$eauthor.
=245  12$aA regional subsurface correlation of some bentonite beds in the Lower Cretaceous Viking Formation :$bof south-central Alberta, Canada /$cby Levi Chukwuemeka Amajor.
=264  \1$c[1977]
=264  \4$c1977
=300  \\$a1 online resource (xii, 104, [47] pages) :$billustrations, map
=336  \\$atext$btxt$2rdacontent
=337  \\$acomputer$bc$2rdamedia
=338  \\$aonline resource$bcr$2rdacarrier
=500  \\$a"A thesis submitted to the Faculty of Graduate Studies and Research in partial fulfilment of the requirements for the degree of Master of Science, Department of Geology."
=502  \\$bM. Sc.$cUniversity of Alberta$d1977.
=504  \\$aIncludes bibliographical references (pages 79-82).
=650  \0$aBentonite$zAlberta.
=650  \0$aBeds (Stratigraphy)$zAlberta.
=710  2\$aUniversity of Alberta.$bDepartment of Geology.
=900  \\$aMK36342
=949  \\$zUAIN$zETHESIS

