=LDR  01377ntm a22003371i 4500
=001  uab09273417
=003  UAB
=005  20140927142035.0
=006  m|||||o||d||||||||
=007  cr||||||||||||
=008  140927t19801980xx\ad\\\obm\\\000\0\eng\d
=040  \\$aUAB$beng$erda$cUAB
=043  \\$an-cn-ab
=050  \4$aHD1389.5.C2$bM33 1980
=090  \\$aInternet Access$bAEU
=100  1\$aMaclean, Douglas G.,$eauthor.
=245  12$aA multiplicative model of prices and assessments for single-family residences /$cby Douglas G. Maclean.
=264  \1$c[1980]
=264  \4$c1980
=300  \\$a1 online resource (ix, 96 pages) :$billustrations
=336  \\$atext$btxt$2rdacontent
=337  \\$acomputer$bc$2rdamedia
=338  \\$aonline resource$bcr$2rdacarrier
=502  \\$bM.B.A.$cUniversity of Alberta$d1980.
=500  \\$a"A thesis submitted to the Faculty of Graduate Studies and Research in partial fulfilment of the requirements for the degree of Master of Business Administration, Faculty of Business Administration and Commerce."
=504  \\$aIncludes bibliographical references (pages 85-88).
=650  \0$aReal property$xValuation$zAlberta$zEdmonton$xMathematical models.
=650  \0$aReal estate$zAlberta$zEdmonton.
=650  \0$aRegression analysis.
=710  2\$aUniversity of Alberta.$bFaculty of Business Administration and Commerce.
=900  \\$aMK49025
=949  \\$zUAIN$zETHESIS

