=LDR  01280ntm a22003371i 4500
=001  uab09273423
=003  UAB
=005  20140927143842.0
=006  m|||||o||d||||||||
=007  cr||||||||||||
=008  140927t19801980xx\abd\\obm\\\000\0\eng\d
=040  \\$aUAB$beng$erda$cUAB
=043  \\$an-cn-ab
=050  \4$aSD421.43$b.N49 1980
=090  \\$aInternet Access$bAEU
=100  1\$aNewstead, Robert George,$eauthor.
=245  10$aOptimal airtanker location in Alberta /$cby Robert George Newstead.
=264  \1$c[1980]
=264  \4$c1980
=300  \\$a1 online resource (119 pages) :$billustrations, maps
=336  \\$atext$btxt$2rdacontent
=337  \\$acomputer$bc$2rdamedia
=338  \\$aonline resource$bcr$2rdacarrier
=502  \\$bM. Sc.$cUniversity of Alberta$d1980.
=500  \\$a"A thesis submitted to the Faculty of Graduate Studies and Research in partial fulfilment of the requirements for the degree of Master of Science in Geography."
=504  \\$aIncludes bibliographical references (pages 111-113).
=650  \0$aAeronautics in forest fire control$zAlberta.
=650  \0$aAirtankers (Forest fire control)$zAlberta.
=710  2\$aUniversity of Alberta.$bDepartment of Geography.
=900  \\$aMK49048
=949  \\$zUAIN$zETHESIS
=987  \\$amissing$b710$dNo department specified.

