=LDR  01219ntm a22003011i 4500
=001  uab09274668
=003  UAB
=005  20141002061919.0
=006  m|||||o||d||||||||
=007  cr||||||||||||
=008  141002t19801980xx\ad\\\obm\\\000\0\eng\d
=040  \\$aUAB$beng$erda$cUAB
=050  \4$aBF376$b.P37 1980
=090  \\$aInternet Access$bAEU
=100  1\$aParker, Timothy, W.,$eauthor.
=245  14$aThe effects of hippocampal spreading depression in rats on acquisition and performance of a conditioned emotional response /$cby Timothy W. Parker.
=264  \1$c[1980]
=264  \4$c1980
=300  \\$a1 online resource (156 pages) :$billustrations
=336  \\$atext$btxt$2rdacontent
=337  \\$acomputer$bc$2rdamedia
=338  \\$aonline resource$bcr$2rdacarrier
=502  \\$bM. Sc.$cUniversity of Alberta$d1980.
=500  \\$a"A thesis submitted to the Faculty of Graduate Studies and Research in partial fulfilment of the requirements for the degree of Master of Science in Psychology, Department of Psychology."
=504  \\$aIncludes bibliographical references (pages 133-150).
=650  \0$aMemory disorders$xTesting.
=710  2\$aUniversity of Alberta.$bDepartment of Psychology.
=900  \\$aMK49067
=949  \\$zUAIN$zETHESIS

