=LDR  01276ntm a22003251i 4500
=001  uab09274669
=003  UAB
=005  20141002061919.0
=006  m|||||o||d||||||||
=007  cr||||||||||||
=008  141002t19801980xx\ad\\\obm\\\000\0\eng\d
=040  \\$aUAB$beng$erda$cUAB
=050  \4$aQL737.R68$bP44 1980
=090  \\$aInternet Access$bAEU
=100  1\$aPehowich, Daniel Joseph,$eauthor.
=245  10$aStimulation of mitochondrial membrane phospholipase A in a hibernator, Spermophilus columbianus /$cby Daniel Joseph Pehowich.
=264  \1$c[1980]
=264  \4$c1980
=300  \\$a1 online resource (ix, 65 pages) :$billustrations
=336  \\$atext$btxt$2rdacontent
=337  \\$acomputer$bc$2rdamedia
=338  \\$aonline resource$bcr$2rdacarrier
=502  \\$bM. Sc.$cUniversity of Alberta$d1980.
=500  \\$a"A thesis submitted to the Faculty of Graduate Studies and Research in partial fulfilment of the requirements for the degree of Master of Science, Department of Zoology."
=504  \\$aIncludes bibliographical references (pages 57-65).
=650  \0$aGround squirrel$xHibernation.
=650  \0$aMembrane lipids.
=650  \0$aHibernation$xPhysiological aspects.
=710  2\$aUniversity of Alberta.$bDepartment of Zoology.
=900  \\$aMK49070
=949  \\$zUAIN$zETHESIS

