=LDR  01172ntm a22003131i 4500
=001  uab09274685
=003  UAB
=005  20141002061919.0
=006  m|||||o||d||||||||
=007  cr||||||||||||
=008  141002t19801980xx\\\\\\obm\\\000\0\eng\d
=040  \\$aUAB$beng$erda$cUAB
=050  \4$aSF768.2.P6$bR63 1980
=090  \\$aInternet Access$bAEU
=100  1\$aRobblee, Nancy,$eauthor.
=245  14$aThe effect of diet on carnitine and phospholipid metabolism in chicks /$cby Nancy Robblee.
=264  \1$c[1980]
=264  \4$c1980
=300  \\$a1 online resource (ix, 54 pages)
=336  \\$atext$btxt$2rdacontent
=337  \\$acomputer$bc$2rdamedia
=338  \\$aonline resource$bcr$2rdacarrier
=502  \\$bM.A.$cUniversity of Alberta$d1980.
=500  \\$a"A thesis submitted to the Faculty of Graduate Studies and Research in partial fulfilment of the requirements for the degree of Master of Science in Nutrition, Faculty of Home Economics."
=504  \\$aIncludes bibliographical references (pages 48-54).
=650  \0$aChicks$xMetabolism.
=650  \0$aChicks$xNutrition.
=710  2\$aUniversity of Alberta.$bFaculty of Home Economics.
=900  \\$aMK49085
=949  \\$zUAIN$zETHESIS

