=LDR  01323ntm a22003251i 4500
=001  uab09273205
=003  UAB
=005  20140926153922.0
=006  m|||||o||d||||||||
=007  cr||||||||||||
=008  140926t19801980xx\abd\\obm\\\000\0\eng\d
=040  \\$aUAB$beng$erda$cUAB
=043  \\$an-cn-ab$an-cn-sn
=050  \4$aTD370$b.R84 1980
=090  \\$aInternet Access$bAEU
=100  1\$aRuggles, Robert Gray,$eauthor.
=245  10$aWater quality considerations of invertebrate drift in the North Saskatchewan River at Emonton /$cby Robert Gray Ruggles.
=264  \1$c[1980]
=264  \4$c1980
=300  \\$a1 online resource (xiii, 157 pages) :$billustrations, map
=336  \\$atext$btxt$2rdacontent
=337  \\$acomputer$bc$2rdamedia
=338  \\$aonline resource$bcr$2rdacarrier
=500  \\$a"A thesis submitted to the Faculty of Graduate Studies and Research in partial fulfilment of the requirements for the degree of Master of Science in Environmental Science, Department of Civil Engineering."
=502  \\$bM. Sc.$cUniversity of Alberta$d1980.
=504  \\$aIncludes bibliographical references (pages 97-105).
=650  \0$aWater quality$zNorth Saskatchewan River (Alta. and Sask.)
=650  \0$aInvertebrates.
=710  2\$aUniversity of Alberta.$bDepartment of Civil Engineering.
=900  \\$aMK49091
=949  \\$zUAIN$zETHESIS

