=LDR  01183ntm a22003131i 4500
=001  uab09273216
=003  UAB
=005  20140926160306.0
=006  m|||||o||d||||||||
=007  cr||||||||||||
=008  140926t19801980xx\a\\\\obm\\\000\0\eng\d
=040  \\$aUAB$beng$erda$cUAB
=050  \4$aQC787.V3$bS28 1980
=090  \\$aInternet Access$bAEU
=100  1\$aSavard, John J. G.,$eauthor.
=245  14$aThe automatic control of a 7.5 MeV Van de Graaff accelerator system /$cby John J.G. Savard.
=264  \1$c[1980]
=264  \4$c1980
=300  \\$a1 online resource (viii, 174 pages) :$billustrations
=336  \\$atext$btxt$2rdacontent
=337  \\$acomputer$bc$2rdamedia
=338  \\$aonline resource$bcr$2rdacarrier
=500  \\$a"A thesis submitted to the Faculty of Graduate Studies and Research in partial fulfilment of the requirements for the degree of Master of Science, Physics."
=502  \\$bM. Sc.$cUniversity of Alberta$d1980.
=504  \\$aIncludes bibliographical references (pages 77-78).
=650  \0$aVan de Graaff generator.
=650  \0$aAutomatic data collection systems.
=710  2\$aUniversity of Alberta.$bDepartment of Physics.
=900  \\$aMK49098
=949  \\$zUAIN$zETHESIS

