=LDR  01209ntm a22003251i 4500
=001  uab09273531
=003  UAB
=005  20140929102446.0
=006  m|||||o||d||||||||
=007  cr||||||||||||
=008  140929t19801980xx\ad\\\obm\\\000\0\eng\d
=040  \\$aUAB$beng$erda$cUAB
=050  \4$aTA357$b.S74 1980
=090  \\$aInternet Access$bAEU
=100  1\$aSteffler, Peter M.,$eauthor.
=245  10$aDeflection of jets by weak crossflows /$cby Peter M. Steffler.
=264  \1$c[1980]
=264  \4$c1980
=300  \\$a1 online resource (xiv, 97 pages) :$billustrations
=336  \\$atext$btxt$2rdacontent
=337  \\$acomputer$bc$2rdamedia
=338  \\$aonline resource$bcr$2rdacarrier
=500  \\$a"A thesis submitted to the Faculty of Graduate Studies and Research in partial fulfilment of the requirements for the degree of Master of Science, Department of Civil Engineering."
=502  \\$bM. Sc.$cUniversity of Alberta$d1980.
=504  \\$aIncludes bibliographical references (pages 90-93).
=650  \0$aFluid mechanics.
=650  \0$aGeophysics$xFluid models.
=650  \0$aEnvironmental hydraulics.
=710  2\$aUniversity of Alberta.$bDepartment of Civil Engineering.
=900  \\$aMK49116
=949  \\$zUAIN$zETHESIS

