=LDR  01214ntm a22003251i 4500
=001  uab09273537
=003  UAB
=005  20140929103920.0
=006  m|||||o||d||||||||
=007  cr||||||||||||
=008  140929t19801980xx\ad\\\obm\\\000\0\eng\d
=040  \\$aUAB$beng$erda$cUAB
=050  \4$aHQ503$b.T55 1980
=090  \\$aInternet Access$bAEU
=100  1\$aTillier, William D.,$eauthor.
=245  13$aAn examination of the definition of family crisis /$cby William D. Tillier.
=264  \1$c[1980]
=264  \4$c1980
=300  \\$a1 online resource (xiv, 187 pages) :$billustrations
=336  \\$atext$btxt$2rdacontent
=337  \\$acomputer$bc$2rdamedia
=338  \\$aonline resource$bcr$2rdacarrier
=500  \\$a"A thesis submitted to the Faculty of Graduate Studies and Research in partial fulfilment of the requirements for the degree of Master of Science in Family Studies, Division of Family Studies."
=502  \\$bM. Sc.$cUniversity of Alberta$d1980.
=504  \\$aIncludes bibliographical references (pages 147-154).
=650  \0$aFamily crises.
=650  \0$aFamilies.
=650  \0$aDysfunctional families.
=710  2\$aUniversity of Alberta.$bDivision of Family Studies.
=900  \\$aMK49123
=949  \\$zUAIN$zETHESIS

