=LDR  01250ntm a22003251i 4500
=001  uab09273545
=003  UAB
=005  20140929105942.0
=006  m|||||o||d||||||||
=007  cr||||||||||||
=008  140929t19801980xx\\\\\\obm\\\000\0\eng\d
=040  \\$aUAB$beng$erda$cUAB
=050  \4$aPG3840$b.T87 1980
=090  \\$aInternet Access$bAEU
=100  1\$aTurzansky, Andrew,$d1950-$eauthor.
=245  14$aThe verbal prefix za- in Ukrainian /$cby Andrew Turzansky.
=264  \1$c[1980]
=264  \4$c1980
=300  \\$a1 online resource (ix, 67 pages)
=336  \\$atext$btxt$2rdacontent
=337  \\$acomputer$bc$2rdamedia
=338  \\$aonline resource$bcr$2rdacarrier
=500  \\$a"A thesis submitted to the Faculty of Graduate Studies and Research in partial fulfilment of the requirements for the degree of Master of Arts in Ukrainian, Department of Slavic Languages."
=502  \\$bM.A.$cUniversity of Alberta$d1980.
=504  \\$aIncludes bibliographical references (pages 62-64).
=590  \\$aLibrary copy imperfect: p. 61 placed after p. 67.
=650  \0$aUkrainian language$xSuffixes and prefixes.
=650  \0$aUkrainian language$xVerb.
=710  2\$aUniversity of Alberta.$bDepartment of Slavic Languages.
=900  \\$aMK49126
=949  \\$zUAIN$zETHESIS

