=LDR  01239ntm a22003251i 4500
=001  uab09273554
=003  UAB
=005  20140929112225.0
=006  m|||||o||d||||||||
=007  cr||||||||||||
=008  140929t19801980xx\\\\\\obm\\\000\0\eng\d
=040  \\$aUAB$beng$erda$cUAB
=043  \\$an-cn---
=050  \4$aGV742$b.V35 1980
=090  \\$aInternet Access$bAEU
=100  1\$aValeriote, Terry Angelo,$eauthor.
=245  13$aAn occupational analysis of sportswriters in Toronto, Canada /$cby Terry Angelo Valeriote.
=264  \1$c[1980]
=264  \4$c1980
=300  \\$a1 online resource (viii, 141 pages)
=336  \\$atext$btxt$2rdacontent
=337  \\$acomputer$bc$2rdamedia
=338  \\$aonline resource$bcr$2rdacarrier
=500  \\$a"A thesis submitted to the Faculty of Graduate Studies and Research in partial fulfilment of the requirements for the degree of Master of Arts, Department of Physical Education."
=502  \\$bM.A.$cUniversity of Alberta$d1980.
=504  \\$aIncludes bibliographical references (pages 119-126).
=650  \0$aSportswriters$zCanada$xInterviews.
=650  \0$aSports journalism$zCanada$xInterviews.
=710  2\$aUniversity of Alberta.$bDepartment of Physical Education.
=900  \\$aMK49127
=949  \\$zUAIN$zETHESIS

