=LDR  01189ntm a22003011i 4500
=001  uab09273561
=003  UAB
=005  20140929113519.0
=006  m|||||o||d||||||||
=007  cr||||||||||||
=008  140929t19801980xx\\\\\\obm\\\000\0deng\d
=040  \\$aUAB$beng$erda$cUAB
=050  \4$aPR9199.2.K5$bG6538 1980
=090  \\$aInternet Access$bAEU
=100  1\$aVandervaart, Leonard,$eauthor.
=245  10$aAbridgment as criticism :$ba textual study of William Kirby's The golden dog /$cby Leonard Vandervaart.
=264  \1$c[1980]
=264  \4$c1980
=300  \\$a1 online resource (viii, 110 pages)
=336  \\$atext$btxt$2rdacontent
=337  \\$acomputer$bc$2rdamedia
=338  \\$aonline resource$bcr$2rdacarrier
=500  \\$a"A thesis submitted to the Faculty of Graduate Studies and Research in partial fulfilment of the requirements for the degree of Master of Arts, Department of English."
=502  \\$bM.A.$cUniversity of Alberta$d1980.
=504  \\$aIncludes bibliographical references (pages 78-81).
=600  10$aKirby, William,$d1817-1906.$tGolden dog$xCriticism and interpretation.
=710  2\$aUniversity of Alberta.$bDepartment of English.
=900  \\$aMK49128
=949  \\$zUAIN$zETHESIS

