=LDR  01300ntm a22003371i 4500
=001  uab09273571
=003  UAB
=005  20140929115020.0
=006  m|||||o||d||||||||
=007  cr||||||||||||
=008  140929t19801980xx\abd\\obm\\\000\0\eng\d
=040  \\$aUAB$beng$erda$cUAB
=043  \\$an-cn-ab
=050  \4$aBF314$b.W35 1980
=090  \\$aInternet Access$bAEU
=100  1\$aWalmsley, Bryony,$d1955-$eauthor.
=245  13$aAn appraisal of the error in cognitive maps :$bthe example of perception location of skiers in Alberta /$cby Bryony Walmsley.
=264  \1$c[1980]
=264  \4$c1980
=300  \\$a1 online resource (xii, 173 pages) :$billustrations, maps
=336  \\$atext$btxt$2rdacontent
=337  \\$acomputer$bc$2rdamedia
=338  \\$aonline resource$bcr$2rdacarrier
=500  \\$a"A thesis submitted to the Faculty of Graduate Studies and Research in partial fulfilment of the requirements for the degree of Master of Science, Geography."
=502  \\$bM. Sc.$cUniversity of Alberta$d1980.
=504  \\$aIncludes bibliographical references (pages 163-170).
=650  \0$aCognitive maps (Psychology)$zAlberta.
=650  \0$aGeographical perception$zAlberta.
=650  \0$aSkiers$zAlberta.
=710  2\$aUniversity of Alberta.$bDepartment of Geography.
=900  \\$aMK49130
=949  \\$zUAIN$zETHESIS

