=LDR  01341ntm a22003371i 4500
=001  uab09273599
=003  UAB
=005  20140929131824.0
=006  m|||||o||d||||||||
=007  cr||||||||||||
=008  140929t19801980xx\a\\\\obm\\\000\0\eng\d
=040  \\$aUAB$beng$erda$cUAB
=043  \\$an-cn---
=050  \4$aHS3260.C24$bC369 1980
=090  \\$aInternet Access$bAEU
=100  1\$aYoung, William Alexander,$eauthor.
=245  10$aYouth and development :$ba follow-up study of former Canadian participants of the Canada World Youth program /$cby William Alexander Young.
=264  \1$c[1980]
=264  \4$c1980
=300  \\$a1 online resource (xiv, 315 pages) :$billustrations
=336  \\$atext$btxt$2rdacontent
=337  \\$acomputer$bc$2rdamedia
=338  \\$aonline resource$bcr$2rdacarrier
=500  \\$a"A thesis submitted to the Faculty of Graduate Studies and Research in partial fulfilment of the requirements for the degree of Master of Arts, Division of Community Development."
=502  \\$bM.A.$cUniversity of Alberta$d1980.
=504  \\$aIncludes bibliographical references (pages 212-229).
=590  \\$aLibrary copy imperfect: p. 183, 228 numbered twice.
=610  20$aCanada World Youth.
=650  \0$aYouth$zCanada.
=710  2\$aUniversity of Alberta.$bDivision of Community Development.
=900  \\$aMK49139
=949  \\$zUAIN$zETHESIS

