=LDR  01299ntm a22003251i 4500
=001  uab09273628
=003  UAB
=005  20140929141634.0
=006  m|||||o||d||||||||
=007  cr||||||||||||
=008  140929t19801980xx\ad\\\obm\\\000\0\eng\d
=040  \\$aUAB$beng$erda$cUAB
=050  \4$aTL440$b.D45 1980
=090  \\$aInternet Access$bAEU
=100  1\$aDelair, Gilles J. P.,$eauthor.
=245  10$aInfluence of motorcycle and operator characteristics on sound pressure level measured at the ear of the operator /$cby Gilles J.P. Delaire.
=264  \1$c[1980]
=264  \4$c1980
=300  \\$a1 online resource (xv, 150 pages) :$billustrations
=336  \\$atext$btxt$2rdacontent
=337  \\$acomputer$bc$2rdamedia
=338  \\$aonline resource$bcr$2rdacarrier
=500  \\$a"A thesis submitted to the Faculty of Graduate Studies through the Department of Mechanical Engineering in partial fulfilment of the requirements for the degree of Master of Science at the University of Windsor."
=502  \\$bM. Sc.$cUniversity of Windsor$d1980.
=504  \\$aIncludes bibliographical references (pages 122-123).
=650  \0$aMotorcycles$xNoise.
=650  \0$aSound pressure.
=650  \0$aEar.
=710  2\$aUniversity of Windsor.$bDepartment of Mechanical Engineering.
=900  \\$aMK49204
=949  \\$zUAIN$zETHESIS

