=LDR  01459ntm a22003491i 4500
=001  uab09273635
=003  UAB
=005  20140929142839.0
=006  m|||||o||d||||||||
=007  cr||||||||||||
=008  140929t19801980xx\ad\\\obm\\\000\0\eng\d
=040  \\$aUAB$beng$erda$cUAB
=050  \4$aTK7882.S65$bD43 1980
=090  \\$aInternet Access$bAEU
=100  1\$aDhanjal, Surinderpal Singh,$eauthor.
=245  10$aLinear prediction analysis/synthesis & noise cancellation techniques in speech signals /$cby Surinderpal Singh Dhanjal.
=264  \1$c[1980]
=264  \4$c1980
=300  \\$a1 online resource (v, 105 pages) :$billustrations
=336  \\$atext$btxt$2rdacontent
=337  \\$acomputer$bc$2rdamedia
=338  \\$aonline resource$bcr$2rdacarrier
=500  \\$a"A thesis submitted to the Faculty of Graduate Studies through the Department of Electrical Engineering in partial fulfilment of the requirements for the degree of Master of Applied Science at the University of Windsor."
=502  \\$bMaster of Applied Science$cUniversity of Windsor$d1980.
=504  \\$aIncludes bibliographical references (pages 100-104).
=590  \\$aLibrary copy imperfect: p. i numbered twice; p. 100 placed after p. 105.
=650  \0$aSpeech processing systems.
=650  \0$aNoise control.
=650  \0$aNoise$xPrevention.
=650  \0$aPrediction theory.
=710  2\$aUniversity of Windsor.$bDepartment of Electrical Engineering.
=900  \\$aMK49205
=949  \\$zUAIN$zETHESIS

