=LDR  01273ntm a22003251i 4500
=001  uab09273659
=003  UAB
=005  20140929153448.0
=006  m|||||o||d||||||||
=007  cr||||||||||||
=008  140929t19811981xx\a\\\\obm\\\000\0\eng\d
=040  \\$aUAB$beng$erda$cUAB
=050  \4$aBF720.M45$bB47 1981
=090  \\$aInternet Access$bAEU
=100  1\$aBergstrom, Linda I.,$eauthor.
=245  10$aInfant's recognition memory for salient and nonsalient dimensions of visual patterns /$cby Linda I. Bergstrom.
=264  \1$c[1981]
=264  \4$c1981
=300  \\$a1 online resource (vi, 40 pages) :$billustration
=336  \\$atext$btxt$2rdacontent
=337  \\$acomputer$bc$2rdamedia
=338  \\$aonline resource$bcr$2rdacarrier
=500  \\$a"A thesis submitted to the Faculty of Graduate Studies and Research in partial fulfilment of the requirements for the degree of Master of Arts, Psychology."
=502  \\$bM.A.$cUniversity of Alberta$d1981.
=504  \\$aIncludes bibliographical references (pages 36-40).
=590  \\$aLibrary copy imperfect: p. vi at very beginning; p. 12-15 out of order.
=650  \0$aMemory in infants.
=650  \0$aRecognition (Psychology)
=710  2\$aUniversity of Alberta.$bDepartment of Psychology.
=900  \\$aMK51436
=949  \\$zUAIN$zETHESIS

