=LDR  01336ntm a22003131i 4500
=001  uab09273679
=003  UAB
=005  20140929160823.0
=006  m|||||o||d||||||||
=007  cr||||||||||||
=008  140929t19811981xx\a\\\\obm\\\000\0\eng\d
=040  \\$aUAB$beng$erda$cUAB
=050  \4$aHF5548.2$b.B76 1981
=090  \\$aInternet Access$bAEU
=100  1\$aBrouwer, Roelof Kars,$eauthor.
=245  10$aInformation analysis :$ba stage in developing a data processing system /$cby Roelof Kars Brouwer.
=264  \1$c[1981]
=264  \4$c1981
=300  \\$a1 online resource (vi, 110 pages) :$billustrations
=336  \\$atext$btxt$2rdacontent
=337  \\$acomputer$bc$2rdamedia
=338  \\$aonline resource$bcr$2rdacarrier
=500  \\$a"A thesis submitted to the Faculty of Graduate Studies and Research in partial fulfilment of the requirements for the degree of Master of Business Administration and Commerce, Faculty of Business Administration and Commerce."
=502  \\$bMaster of Business Administration and Commerce$cUniversity of Alberta$d1981.
=504  \\$aIncludes bibliographical references (pages 93-100).
=650  \0$aBusiness$xData processing.
=650  \0$aInformation storage and retrieval systems.
=710  2\$aUniversity of Alberta.$bFaculty of Business Administration and Commerce.
=900  \\$aMK51443
=949  \\$zUAIN$zETHESIS

