=LDR  01401ntm a22003371i 4500
=001  uab09273353
=003  UAB
=005  20140926223713.0
=006  m|||||o||d||||||||
=007  cr||||||||||||
=008  140926t19811981xx\\\\\\obm\\\000\0\eng\d
=040  \\$aUAB$beng$erda$cUAB
=050  \4$aBF444$b.C55 1981
=090  \\$aInternet Access$bAEU
=100  1\$aClifton, Jane V.$q(Jane Victoria),$d1957-$eauthor.
=245  14$aThe role of name coding in a physical letter matching task /$cby Jane V. Clifton.
=264  \1$c[1981]
=264  \4$c1981
=300  \\$a1 online resource (viii, 87 pages)
=336  \\$atext$btxt$2rdacontent
=337  \\$acomputer$bc$2rdamedia
=338  \\$aonline resource$bcr$2rdacarrier
=500  \\$a"A thesis submitted to the Faculty of Graduate Studies and Research in partial fulfilment of the requirements for the degree of Master of Science in Psychology, Department of Psychology."
=502  \\$bM. Sc.$cUniversity of Alberta$d1981.
=504  \\$aIncludes bibliographical references (pages 54-57).
=650  \0$aHuman information processing.
=650  \0$aAttention.
=650  \0$aCognitive learning.
=710  2\$aUniversity of Alberta.$bDepartment of Psychology.
=900  \\$aMK51452
=949  \\$zUAIN$zETHESIS
=987  \\$aThere are 2 complete theses in this 1 pdf image. The 2nd thesis actually appears in the next pdf file in this packet, # MK51453. It is cataloged under that #.

