=LDR  01295ntm a22003371i 4500
=001  uab09273354
=003  UAB
=005  20140926231303.0
=006  m|||||o||d||||||||
=007  cr||||||||||||
=008  140926t19811981xx\\\\\\obm\\\000\0deng\d
=040  \\$aUAB$beng$erda$cUAB
=050  \4$aPS1644$b.C59 1981
=090  \\$aInternet Access$bAEU
=100  1\$aClyburn, David J.$q(David James),$d1951-$eauthor.
=245  10$aMetamorphosis and organic metaphor in three of Emerson's essays /$cby David J. Clyburn.
=264  \1$c[1981]
=264  \4$c1981
=300  \\$a1 online resource (84 pages)
=336  \\$atext$btxt$2rdacontent
=337  \\$acomputer$bc$2rdamedia
=338  \\$aonline resource$bcr$2rdacarrier
=500  \\$a"A thesis submitted to the Faculty of Graduate Studies and Research in partial fulfilment of the requirements for the degree of Master of Arts, Department of English."
=502  \\$bM.A.$cUniversity of Alberta$d1981.
=504  \\$aIncludes bibliographical references (pages 81-84).
=600  10$aEmerson, Ralph Waldo,$d1803-1882$xCriticism and interpretation.
=600  10$aEmerson, Ralph Waldo,$d1803-1882.$tEssays.$kSelections.
=650  \0$aMetaphor.
=650  \0$aPoetics.
=710  2\$aUniversity of Alberta.$bDepartment of English.
=900  \\$aMK51453
=949  \\$zUAIN$zETHESIS

