=LDR  01400ntm a22003491i 4500
=001  uab09273361
=003  UAB
=005  20140927004138.0
=006  m|||||o||d||||||||
=007  cr||||||||||||
=008  140927t19811981xx\abf\\obm\\\000\0\eng\d
=040  \\$aUAB$beng$erda$cUAB
=043  \\$an-cn---
=050  \4$aQE773$b.G66 1981
=090  \\$aInternet Access$bAEU
=100  1\$aGoodbody, Quentin H.$q(Quentin Harald),$d1956-$eauthor.
=245  10$aSilurian radiolaria from the Cape Phillips formation of the Canadian Arctic archipelago /$cby Quentin H. Goodbody.
=264  \1$c[1981]
=264  \4$c1981
=300  \\$a1 online resource (xv, 388 pages, 14 pages of plates) :$billustrations, maps
=336  \\$atext$btxt$2rdacontent
=337  \\$acomputer$bc$2rdamedia
=338  \\$aonline resource$bcr$2rdacarrier
=500  \\$a"A thesis submitted to the Faculty of Graduate Studies and Research in partial fulfilment of the requirements for the degree of Master of Science in Science, Geology."
=502  \\$bM. Sc.$cUniversity of Alberta$d1981.
=504  \\$aIncludes bibliographical references (pages 253-261).
=650  \0$aRadiolaria, Fossil$zNunavat$zParry Islands.
=650  \0$aPaleontology$zNunavat$zParry Islands.
=650  \0$aPaleontology$zArctic regions.
=650  \0$aPaleontology$ySilurian.
=710  2\$aUniversity of Alberta.$bDepartment of Geology.
=900  \\$aMK51483
=949  \\$zUAIN$zETHESIS

