=LDR  01401ntm a22003491i 4500
=001  uab09273365
=003  UAB
=005  20140927013647.0
=006  m|||||o||d||||||||
=007  cr||||||||||||
=008  140927t19811981xx\\\\\\obm\\\000\0\eng\d
=040  \\$aUAB$beng$erda$cUAB
=050  \4$aHD6060.65.C2$bH39 1981
=090  \\$aInternet Access$bAEU
=100  1\$aHazen, Lynn C.$q(Lynn Carol),$d1952-$eauthor.
=245  14$aThe effective manager :$bassessing the validity of a sex-role stereotype /$cby Lynn C. Hazen.
=264  \1$c[1981]
=264  \4$c1981
=300  \\$a1 online resource (vi, 83 pages)
=336  \\$atext$btxt$2rdacontent
=337  \\$acomputer$bc$2rdamedia
=338  \\$aonline resource$bcr$2rdacarrier
=500  \\$a"A thesis submitted to the Faculty of Graduate Studies and Research in partial fulfilment of the requirements for the degree of Master of Business Administration, Business Administration and Commerce."
=502  \\$bM.B.A.$cUniversity of Alberta$d1981.
=504  \\$aIncludes bibliographical references (pages 58-69).
=650  \0$aSex role in the work environment.
=650  \0$aStereotypes (Social psychology)
=650  \0$aManagement$xPsychological aspects.
=650  \0$aAndrogyny (Psychology)
=650  \0$aManagement$xSex differences.
=710  2\$aUniversity of Alberta.$bDepartment of Business Administration and Commerce.
=900  \\$aMK51493
=949  \\$zUAIN$zETHESIS

