=LDR  01274ntm a22003371i 4500
=001  uab09273366
=003  UAB
=005  20140927015053.0
=006  m|||||o||d||||||||
=007  cr||||||||||||
=008  140927t19811981xx\\\\\\obm\\\000\0\eng\d
=040  \\$aUAB$beng$erda$cUAB
=043  \\$an-cn---
=050  \4$aGV191.44$b.H46 1981
=090  \\$aInternet Access$bAEU
=100  1\$aHenderson, Robert J.$q(Robert John),$d1956-$eauthor.
=245  10$aAspirations and inspirations of the outdoor travel experience /$cby Robert J. Henderson.
=264  \1$c[1981]
=264  \4$c1981
=300  \\$a1 online resource (viii, 134 pages)
=336  \\$atext$btxt$2rdacontent
=337  \\$acomputer$bc$2rdamedia
=338  \\$aonline resource$bcr$2rdacarrier
=500  \\$a"A thesis submitted to the Faculty of Graduate Studies and Research in partial fulfilment of the requirements for the degree of Master of Arts, Department of Physical Education."
=502  \\$bM.A.$cUniversity of Alberta$d1981.
=504  \\$aIncludes bibliographical references (pages 128-134).
=650  \0$aOutdoor recreation$zCanada.
=650  \0$aOutdoor life$xCanada.
=650  \0$aRecreation leadership.
=710  2\$aUniversity of Alberta.$bDepartment of Physical Education.
=900  \\$aMK51494
=949  \\$zUAIN$zETHESIS

