=LDR  01210ntm a22003371i 4500
=001  uab09273542
=003  UAB
=005  20140929104837.0
=006  m|||||o||d||||||||
=007  cr||||||||||||
=008  140929t19811981xx\ad\\\obm\\\000\0\eng\d
=040  \\$aUAB$beng$erda$cUAB
=043  \\$an-cn-ab
=050  \4$aSD390.3.C2$bH69 1981
=090  \\$aInternet Access$bAEU
=100  1\$aHowitt, Robert W.,$d1952-$eauthor.
=245  10$aDynamics of a gray luvisol /$cby Robert W. Howitt.
=264  \1$c[1981]
=264  \4$c1981
=300  \\$a1 online resource (xiv, 168 pages) :$billustrations
=336  \\$atext$btxt$2rdacontent
=337  \\$acomputer$bc$2rdamedia
=338  \\$aonline resource$bcr$2rdacarrier
=500  \\$a"A thesis submitted to the Faculty of Graduate Studies and Research in partial fulfilment of the requirements for the degree of Master of Science in Soil Science."
=502  \\$bM. Sc.$cUniversity of Alberta$d1981.
=504  \\$aIncludes bibliographical references (pages 129-135).
=650  \0$aForest soils$zCanada$zAlberta$xAnalysis.
=650  \0$aHydrology.
=650  \0$aSoil moisture$xMeasurement.
=900  \\$aMK51499
=949  \\$zUAIN$zETHESIS
=987  \\$amissing$b710$dNo department specified.

