=LDR  01332ntm a22003491i 4500
=001  uab09273596
=003  UAB
=005  20140929130508.0
=006  m|||||o||d||||||||
=007  cr||||||||||||
=008  140929t19811981xx\abd\\obm\\\000\0\eng\d
=040  \\$aUAB$beng$erda$cUAB
=043  \\$an-cn-ab
=050  \4$aSB615.P66$bJ37 1981
=090  \\$aInternet Access$bAEU
=100  1\$aJaquish, Barry C.,$d1949-$eauthor.
=245  10$aNatural variation in the leaf epicuticular wax alkanes and leaf wax morphology of trembling aspen (Populus tremuloides Michx.) /$cby Barry C. Jaquish.
=264  \1$c[1981]
=264  \4$c1981
=300  \\$a1 online resource (xv, 126 pages) :$billustrations, maps
=336  \\$atext$btxt$2rdacontent
=337  \\$acomputer$bc$2rdamedia
=338  \\$aonline resource$bcr$2rdacarrier
=500  \\$a"A thesis submitted to the Faculty of Graduate Studies and Research in partial fulfilment of the requirements for the degree of Master of Science in Forest Science."
=502  \\$bM. Sc.$cUniversity of Alberta$d1981.
=504  \\$aIncludes bibliographical references (pages 115-126).
=650  \0$aPopulus tremuloides$zAlberta.
=650  \0$aAspen$zAlberta.
=650  \0$aPlant cuticle$xResearch.
=650  \0$aAlkanes.
=900  \\$aMK51510
=949  \\$zUAIN$zETHESIS
=987  \\$amissing$b710$dNo department specified.

