=LDR  01220ntm a22003251i 4500
=001  uab09273610
=003  UAB
=005  20140929133204.0
=006  m|||||o||d||||||||
=007  cr||||||||||||
=008  140929t19811981xx\\\\\\obm\\\000\0deng\d
=040  \\$aUAB$beng$erda$cUAB
=050  \4$aPA3829$b.K 1981
=090  \\$aInternet Access$bAEU
=100  1\$aKram, Sandra Colleen,$d1950-$eauthor.
=245  14$aThe grotesque in the Oresteia of Aeschylus /$cby Sandra Colleen Kram.
=264  \1$c[1981]
=264  \4$c1981
=300  \\$a1 online resource (viii, 113 pages)
=336  \\$atext$btxt$2rdacontent
=337  \\$acomputer$bc$2rdamedia
=338  \\$aonline resource$bcr$2rdacarrier
=500  \\$a"A thesis submitted to the Faculty of Graduate Studies and Research in partial fulfilment of the requirements for the degree of Master of Arts, in Classics, Department of Classics."
=502  \\$bM.A.$cUniversity of Alberta$d1981.
=504  \\$aIncludes bibliographical references (pages 109-113).
=600  00$aAeschylus$xCriticism and interpretation.
=600  00$aAeschylus.$tOresteia.
=650  \0$aGrotesque in literature.
=710  2\$aUniversity of Alberta.$bDepartment of Classics.
=900  \\$aMK51520
=949  \\$zUAIN$zETHESIS

