=LDR  01260ntm a22003371i 4500
=001  uab09274634
=003  UAB
=005  20141001222422.0
=006  m|||||o||d||||||||
=007  cr||||||||||||
=008  141001t19811981xx\ad\\\obm\\\000\0\eng\d
=040  \\$aUAB$beng$erda$cUAB
=050  \4$aQR408$b.L96 1981
=090  \\$aInternet Access$bAEU
=100  1\$aLynch, John A.$q(John Arthur),$d1952-$eauthor.
=245  14$aThe purification and biophysical characterization of a porcine parvovirus /$cby John A. Lynch.
=264  \1$c[1981]
=264  \4$c1981
=300  \\$a1 online resource (xvi, 134 pages) :$billustrations
=336  \\$atext$btxt$2rdacontent
=337  \\$acomputer$bc$2rdamedia
=338  \\$aonline resource$bcr$2rdacarrier
=500  \\$a"A thesis submitted to the Faculty of Graduate Studies and Research in partial fulfilment of the requirements for the degree of Master of Science in Virology, Medical Bacteriology."
=502  \\$bM. Sc.$cUniversity of Alberta$d1981.
=504  \\$aIncludes bibliographical references (pages 107-134).
=650  \0$aParvoviruses.
=650  \0$aSwine$xDiseases.
=650  \0$aViruses$xIsolation.
=650  \0$aVirology.
=710  2\$aUniversity of Alberta.$bMedical Bacteriology.
=900  \\$aMK51536
=949  \\$zUAIN$zETHESIS

