=LDR  01499ntm a22003731i 4500
=001  uab09274641
=003  UAB
=005  20141001224721.0
=006  m|||||o||d||||||||
=007  cr||||||||||||
=008  141001t19811981xx\ab\\\obm\\\000\0\eng\d
=040  \\$aUAB$beng$erda$cUAB
=043  \\$an-cn---
=050  \4$aHE7815$b.M33 1981
=090  \\$aInternet Access$bAEU
=100  1\$aMacArthur, C. P.$q(Colin Patrick),$d1935-$eauthor.
=245  10$aSystem interconnection CNCP to TCTS member companies /$cby C.P. MacArthur.
=264  \1$c[1981]
=264  \4$c1981
=300  \\$a1 online resource (vii, 151 pages) :$billustrations, maps
=336  \\$atext$btxt$2rdacontent
=337  \\$acomputer$bc$2rdamedia
=338  \\$aonline resource$bcr$2rdacarrier
=500  \\$a"A thesis submitted to the Faculty of Graduate Studies and Research in partial fulfilment of the requirements for the degree of Master of Business Administration, Department of Business Administration and Commerce."
=502  \\$bM. Sc.$cUniversity of Alberta$d1981.
=504  \\$aIncludes bibliographical references (pages 127-128).
=650  \0$aTelecommunication policy$zCanada.
=650  \0$aTelephone companies$zCanada.
=650  \0$aTelecommunication equipment industry$zCanada.
=650  \0$aTelecommunication$xLaw and legislation.
=650  \0$aTelecommunication systems.
=650  \0$aCompetition.
=710  2\$aUniversity of Alberta.$bDepartment of Business Administration and Commerce.
=900  \\$aMK51537
=949  \\$zUAIN$zETHESIS

