=LDR  01368ntm a22003491i 4500
=001  uab09274645
=003  UAB
=005  20141001230135.0
=006  m|||||o||d||||||||
=007  cr||||||||||||
=008  141001t19811981xx\ad\\\obm\\\000\0\eng\d
=040  \\$aUAB$beng$erda$cUAB
=043  \\$an-cn-on
=050  \4$aHB141$b.M33 1981
=090  \\$aInternet Access$bAEU
=100  1\$aMacGregor, Lorraine Joan,$d1954-$eauthor.
=245  10$aAggregation and transferability of mode choice models in urban space :$bthe case for Ottawa /$cby Lorraine Joan MacGregor.
=264  \1$c[1981]
=264  \4$c1981
=300  \\$a1 online resource (xiv, 163 pages) :$billustrations
=336  \\$atext$btxt$2rdacontent
=337  \\$acomputer$bc$2rdamedia
=338  \\$aonline resource$bcr$2rdacarrier
=500  \\$a"A thesis submitted to the Faculty of Graduate Studies and Research in partial fulfilment of the requirements for the degree of Master of Arts, Department of Economics."
=502  \\$bM.A.$cUniversity of Alberta$d1981.
=504  \\$aIncludes bibliographical references (pages 157-163).
=650  \0$aEconometrics.
=650  \0$aEconomics$xMathematical models.
=650  \0$aCommunity development$zCanada$zOttawa$xForecasting.
=650  \0$aSocial prediction$zCanada$zOttawa.
=710  2\$aUniversity of Alberta.$bDepartment of Economics.
=900  \\$aMK51539
=949  \\$zUAIN$zETHESIS

