=LDR  01389ntm a22003491i 4500
=001  uab09274646
=003  UAB
=005  20141001231555.0
=006  m|||||o||d||||||||
=007  cr||||||||||||
=008  141001t19811981xx\a\\\\obm\\\000\0\eng\d
=040  \\$aUAB$beng$erda$cUAB
=043  \\$an-cn-qu
=050  \4$aF1055.C65$bM33 1981
=090  \\$aInternet Access$bAEU
=100  1\$aMadsen, Helga Boberg,$d1931-$eauthor.
=245  14$aThe collectivist orientation of Quebec :$bits historical and social significance /$cby Helga Boberg Madsen.
=264  \1$c[1981]
=264  \4$c1981
=300  \\$a1 online resource (xiii, 328 pages) :$billustrations
=336  \\$atext$btxt$2rdacontent
=337  \\$acomputer$bc$2rdamedia
=338  \\$aonline resource$bcr$2rdacarrier
=500  \\$a"A thesis submitted to the Faculty of Graduate Studies and Research in partial fulfilment of the requirements for the degree of Master of Arts, Department, Sociology."
=502  \\$bM. Sc.$cUniversity of Alberta$d1981.
=504  \\$aIncludes bibliographical references (pages 274-285).
=650  \0$aGroup identity$zQuebec (Province)
=650  \0$aCollectivism$xHistory$y20th century.
=651  \0$aQuebec (Province)$xHistory$xPhilosophy.
=650  \0$aFrench-Canadians$zQuebec (Province)$xEthnic identity.
=710  2\$aUniversity of Alberta.$bDepartment of Sociology.
=900  \\$aMK51543
=949  \\$zUAIN$zETHESIS

