=LDR  01224ntm a22003131i 4500
=001  uab09274159
=003  UAB
=005  20140930182814.0
=006  m|||||o||d||||||||
=007  cr||||||||||||
=008  140930t19811981xx\ad\\\obm\\\000\0\eng\d
=040  \\$aUAB$beng$erda$cUAB
=050  \4$aS651$b.M66 1981
=090  \\$aInternet Access$bAEU
=100  1\$aMonreal Sepulveda, Carlos Maxwell,$eauthor.
=245  10$aNest placement of nitrogen fertilizers /$cby Carlos Maxwell Monreal Sepulveda.
=264  \1$c[1981]
=264  \4$c1981
=300  \\$a1 online resource (xiv, 124 pages) :$billustrations
=336  \\$atext$btxt$2rdacontent
=337  \\$acomputer$bc$2rdamedia
=338  \\$aonline resource$bcr$2rdacarrier
=500  \\$a"A thesis submitted to the Faculty of Graduate Studies and Research in partial fulfilment of the requirements for the degree of Master of Science in Soil Fertility, Soil Science."
=502  \\$bM. Sc.$cUniversity of Alberta$d1981.
=504  \\$aIncludes bibliographical references (pages 88-102).
=650  \0$aNitrogen fertilizers.
=710  2\$aUniversity of Alberta.$bDepartment of Soil Science.
=900  \\$aMK51550
=949  \\$zUAIN$zETHESIS
=987  \\$ause$b710$cb$dIs there a Department of Soil Science?

