=LDR  01275ntm a22003251i 4500
=001  uab09274176
=003  UAB
=005  20140930192626.0
=006  m|||||o||d||||||||
=007  cr||||||||||||
=008  140930t19811981xx\g\\\\obdm\\000\0deng\d
=040  \\$aUAB$beng$erda$cUAB
=050  \4$aMT145.M67$bO83 1981
=090  \\$aInternet Access$bAEU
=100  1\$aOsborn, Philip Arnold,$eauthor.
=245  14$aThe piano music of Ferdinand "Jelly Roll" Morton /$cby Philip Arnold Osborn.
=264  \1$c[1981]
=264  \4$c1981
=300  \\$a1 online resource (xviii, 277 pages) :$bmusic
=336  \\$atext$btxt$2rdacontent
=337  \\$acomputer$bc$2rdamedia
=338  \\$aonline resource$bcr$2rdacarrier
=500  \\$a"A thesis submitted to the Faculty of Graduate Studies and Research in partial fulfilment of the requirements for the degree of Master of Music in Music History and Literature, Department of Music."
=502  \\$bMaster of Music$cUniversity of Alberta$d1981.
=504  \\$aIncludes bibliographical references (pages 160-162).
=500  \\$aInclude discography (page 159).
=600  10$aMorton, Jelly Roll,$d-1941$xCriticism and interpretation.
=650  \0$aPiano music.
=710  2\$aUniversity of Alberta.$bDepartment of Music.
=900  \\$aMK51561
=949  \\$zUAIN$zETHESIS

