=LDR  01207ntm a22003251i 4500
=001  uab09274183
=003  UAB
=005  20140930195418.0
=006  m|||||o||d||||||||
=007  cr||||||||||||
=008  140930t19811981xx\\\\\\obm\\\000\0deng\d
=040  \\$aUAB$beng$erda$cUAB
=043  \\$an-cn-sn
=050  \4$aS417.P37$bT56 1981
=090  \\$aInternet Access$bAEU
=100  1\$aTingley, Kenneth W.$q(Kenneth Wayne),$d1947-$eauthor.
=245  14$aThe career and political ideas of E.A. Partridge /$cby Kenneth W. Tingley.
=264  \1$c[1981]
=264  \4$c1981
=300  \\$a1 online resource (vi, 251 pages)
=336  \\$atext$btxt$2rdacontent
=337  \\$acomputer$bc$2rdamedia
=338  \\$aonline resource$bcr$2rdacarrier
=500  \\$a"A thesis submitted to the Faculty of Graduate Studies and Research in partial fulfilment of the requirements for the degree of Master of Arts, Department of History."
=502  \\$bM.A.$cUniversity of Alberta$d1981.
=504  \\$aIncludes bibliographical references (pages 231-251).
=600  10$aPartridge, Edward Alexander,$d-1931.
=650  \0$aFarmers$zSaskatchewan.
=710  2\$aUniversity of Alberta.$bDepartment of History.
=900  \\$aMK51596
=949  \\$zUAIN$zETHESIS

