=LDR  01235ntm a22003251i 4500
=001  uab09274195
=003  UAB
=005  20140930201706.0
=006  m|||||o||d||||||||
=007  cr||||||||||||
=008  140930t19811981xx\ad\\\obm\\\000\0\eng\d
=040  \\$aUAB$beng$erda$cUAB
=050  \4$aQM101$b.W45 1981
=090  \\$aInternet Access$bAEU
=100  1\$aWhitmore, Keith Daryl,$eauthor.
=245  10$aMicroprocessor controlled gamma-ray CT scanner for measurement of bone density /$cby Keith Daryl Whitmore.
=264  \1$c[1981]
=264  \4$c1981
=300  \\$a1 online resource (xi, 152 pages) :$billustrations
=336  \\$atext$btxt$2rdacontent
=337  \\$acomputer$bc$2rdamedia
=338  \\$aonline resource$bcr$2rdacarrier
=500  \\$a"A thesis submitted to the Faculty of Graduate Studies and Research in partial fulfilment of the requirements for the degree of Master of Science, Electrical Engineering."
=502  \\$bM. Sc.$cUniversity of Alberta$d1981.
=504  \\$aIncludes bibliographical references (pages 120-126).
=650  \0$aBones$xTomography.
=650  \0$aBone densitometry.
=650  \0$aGamma rays.
=710  2\$aUniversity of Alberta.$bDepartment of Electrical Engineering.
=900  \\$aMK51605
=949  \\$zUAIN$zETHESIS

