=LDR  01152ntm a22003131i 4500
=001  uab09274197
=003  UAB
=005  20140930202358.0
=006  m|||||o||d||||||||
=007  cr||||||||||||
=008  140930t19811981xx\\\\\\obm\\\000\0deng\d
=040  \\$aUAB$beng$erda$cUAB
=050  \4$aJC585$b.W55 1981
=090  \\$aInternet Access$bAEU
=100  1\$aWilson, David J.,$eauthor.
=245  10$aLibertarianism and the consideration of children /$cby David J. Wilson.
=264  \1$c[1981]
=264  \4$c1981
=300  \\$a1 online resource (iv, 60 pages)
=336  \\$atext$btxt$2rdacontent
=337  \\$acomputer$bc$2rdamedia
=338  \\$aonline resource$bcr$2rdacarrier
=500  \\$a"A thesis submitted to the Faculty of Graduate Studies and Research in partial fulfilment of the requirements for the degree of Master of Arts, Department of Philosophy."
=502  \\$bM.A.$cUniversity of Alberta$d1981.
=504  \\$aIncludes bibliographical references (page 60).
=650  \0$aLibertarianism.
=600  10$aNozick, Robert$xCriticism and interpretation.
=710  2\$aUniversity of Alberta.$bDepartment of Philosophy.
=900  \\$aMK51606
=949  \\$zUAIN$zETHESIS

