=LDR  01403ntm a22003251i 4500
=001  uab09274199
=003  UAB
=005  20140930202733.0
=006  m|||||o||d||||||||
=007  cr||||||||||||
=008  140930t19811981xx\\\\\\obm\\\000\0deng\d
=040  \\$aUAB$beng$erda$cUAB
=050  \4$aPT2613.R794$bW66 1981
=090  \\$aInternet Access$bAEU
=100  1\$aWoodward, Katherine Anne,$eauthor.
=245  10$aToward a Marxist analysis of F.P. Grove :$bMaurermeister Ihles Haus and The master of the mill /$cby Katherine Anne Woodward.
=264  \1$c[1981]
=264  \4$c1981
=300  \\$a1 online resource (vii, 88 pages)
=336  \\$atext$btxt$2rdacontent
=337  \\$acomputer$bc$2rdamedia
=338  \\$aonline resource$bcr$2rdacarrier
=500  \\$a"A thesis submitted to the Faculty of Graduate Studies and Research in partial fulfilment of the requirements for the degree of Master of Arts, Department of Comparative Literature."
=502  \\$bM.A.$cUniversity of Alberta$d1981.
=504  \\$aIncludes bibliographical references (pages 83-88).
=600  10$aGrove, Frederick Philip,$d1879-1948.$tMaurermeister Ihles Haus$xCriticism and interpretation.
=600  10$aGrove, Frederick Philip,$d1879-1948.$tMaster of the mill$xCriticism and interpretation.
=650  \0$aMarxist criticism.
=710  2\$aUniversity of Alberta.$bDepartment of Comparative Literature.
=900  \\$aMK51609
=949  \\$zUAIN$zETHESIS

