=LDR  01174ntm a22003131i 4500
=001  uab09275124
=003  UAB
=005  20141003074312.0
=006  m|||||o||d||||||||
=007  cr||||||||||||
=008  141003t19811981xx\ad\\\obm\\\000\0\eng\d
=040  \\$aUAB$beng$erda$cUAB
=050  \4$aQC921.6.C6$bA53 1981
=090  \\$aInternet Access$bAEU
=100  1\$aAndres, David D.,$eauthor.
=245  14$aThe effects of turbulence on frazil production /$cby David D. Andres.
=264  \1$c[1981]
=264  \4$c1981
=300  \\$a1 online resource (xviii, 181 pages) :$billustrations
=336  \\$atext$btxt$2rdacontent
=337  \\$acomputer$bc$2rdamedia
=338  \\$aonline resource$bcr$2rdacarrier
=500  \\$a"A thesis submitted to the Faculty of Graduate Studies and Research in partial fulfilment of the requirements for the degree of Master of Science, Department of Civil Engineering."
=502  \\$bM. Sc.$cUniversity of Alberta$d1981.
=504  \\$aIncludes bibliographical references (pages 151-157).
=650  \0$aFrazil ice.
=650  \0$aAtmospheric turbulence.
=710  2\$aUniversity of Alberta.$bDepartment of Civil Engineering.
=900  \\$aMK53842
=949  \\$zUAIN$zETHESIS

