=LDR  01185ntm a22003011i 4500
=001  uab09275136
=003  UAB
=005  20141003082958.0
=006  m|||||o||d||||||||
=007  cr||||||||||||
=008  141003t19811981xx\\\\\\obm\\\000\0dfre\d
=040  \\$aUAB$beng$erda$cUAB
=050  \4$aPQ2613.I2$bZ537 1981
=090  \\$aInternet Access$bAEU
=100  1\$aBerkane, Ahmed,$eauthor.
=245  13$aLe theme de l'engagement dans la vie et l'oeuvre d'Andre Gide /$cby Ahmed Berkane.
=264  \1$c[1981]
=264  \4$c1981
=300  \\$a1 online resource (vii, 111 pages)
=336  \\$atext$btxt$2rdacontent
=337  \\$acomputer$bc$2rdamedia
=338  \\$aonline resource$bcr$2rdacarrier
=500  \\$a"A thesis submitted to the Faculty of Graduate Studies and Research in partial fulfilment of the requirements for the degree of Master of Arts in French Literature, Department of Romance Languages."
=502  \\$bM.A.$cUniversity of Alberta$d1981.
=504  \\$aIncludes bibliographical references (pages 108-111).
=600  10$aGide, Andre,$d1869-1951$xPolitical and social views.
=710  2\$aUniversity of Alberta.$bDepartment of Romance Languages.
=900  \\$aMK53862
=949  \\$zUAIN$zETHESIS

