=LDR  01175ntm a22003011i 4500
=001  uab09273818
=003  UAB
=005  20140930100605.0
=006  m|||||o||d||||||||
=007  cr||||||||||||
=008  140930t19811981xx\g\\\\obm\\\000\0deng\d
=040  \\$aUAB$beng$erda$cUAB
=050  \4$aMT145.B42$bL44 1981
=090  \\$aInternet Access$bAEU
=100  1\$aLee, Ae-Ryung,$eauthor.
=245  12$aA study of Beethoven's piano sonata, op. 110 /$cby Ae-Ryung Lee.
=264  \1$c[1981]
=264  \4$c1981
=300  \\$a1 online resource (iv, 34 pages) :$bmusic
=336  \\$atext$btxt$2rdacontent
=337  \\$acomputer$bc$2rdamedia
=338  \\$aonline resource$bcr$2rdacarrier
=500  \\$a"A thesis submitted to the Faculty of Graduate Studies and Research in partial fulfilment of the requirements for the degree of Master of Music in Applied Music, Department of Music."
=502  \\$bM. Mus.$cUniversity of Alberta$d1981.
=504  \\$aIncludes bibliographical references (pages 31-32).
=600  10$aBeethoven, Ludwig van,$d1770-1827.$tSonatas,$mpiano,$nno. 31, op. 110,$rA major.
=710  2\$aUniversity of Alberta.$bDepartment of Music.
=900  \\$aMK53970
=949  \\$zUAIN$zETHESIS

