=LDR  01281ntm a22003371i 4500
=001  uab09273856
=003  UAB
=005  20140930112242.0
=006  m|||||o||d||||||||
=007  cr||||||||||||
=008  140930t19811981xx\ad\\\obm\\\000\0\eng\d
=040  \\$aUAB$beng$erda$cUAB
=050  \4$aQP752.F35$bM33 1981
=090  \\$aInternet Access$bAEU
=100  1\$aMcDonough, Brian,$eauthor.
=245  14$aThe effects of fatty acid structure on acyl chain organization in biological membranes :$ban F-NMR study /$cby Brian McDonough.
=264  \1$c[1981]
=264  \4$c1981
=300  \\$a1 online resource (xvii, 122 pages) :$billustrations
=336  \\$atext$btxt$2rdacontent
=337  \\$acomputer$bc$2rdamedia
=338  \\$aonline resource$bcr$2rdacarrier
=500  \\$a"A thesis submitted to the Faculty of Graduate Studies and Research in partial fulfilment of the requirements for the degree of Master of Science, Biochemistry."
=502  \\$bM. Sc.$cUniversity of Alberta$d1981.
=504  \\$aIncludes bibliographical references (pages 87-91).
=650  \0$aFatty acids.
=650  \0$aNuclear magnetic resonance.
=650  \0$aFluorine.
=650  \0$aBilayer lipid membranes.
=710  2\$aUniversity of Alberta.$bDepartment of Biochemistry.
=900  \\$aMK53979
=949  \\$zUAIN$zETHESIS

