=LDR  01145ntm a22003011i 4500
=001  uab09273884
=003  UAB
=005  20140930122134.0
=006  m|||||o||d||||||||
=007  cr||||||||||||
=008  140930t19811981xx\ad\\\obm\\\000\0\eng\d
=040  \\$aUAB$beng$erda$cUAB
=050  \4$aQK623.A1$bM36 1981
=090  \\$aInternet Access$bAEU
=100  1\$aMann, Valerie M.,$eauthor.
=245  10$aTaxonomy of Petriellidium /$cby Valerie M. Mann.
=264  \1$c[1981]
=264  \4$c1981
=300  \\$a1 online resource (xiii, 210 pages) :$billustrations
=336  \\$atext$btxt$2rdacontent
=337  \\$acomputer$bc$2rdamedia
=338  \\$aonline resource$bcr$2rdacarrier
=500  \\$a"A thesis submitted to the Faculty of Graduate Studies and Research in partial fulfilment of the requirements for the degree of Master of Science in Mycology, Department of Medical Bacteriology."
=502  \\$bM. Sc.$cUniversity of Alberta$d1981.
=504  \\$aIncludes bibliographical references (pages 201-210).
=650  \0$aAscomycetes$xClassification.
=710  2\$aUniversity of Alberta.$bDepartment of Medical Bacteriology.
=900  \\$aMK53990
=949  \\$zUAIN$zETHESIS

