=LDR  01162ntm a22003131i 4500
=001  uab09273977
=003  UAB
=005  20140930143729.0
=006  m|||||o||d||||||||
=007  cr||||||||||||
=008  140930t19811981xx\ad\\\obm\\\000\0\eng\d
=040  \\$aUAB$beng$erda$cUAB
=050  \4$aBF521$b.S36 1981
=090  \\$aInternet Access$bAEU
=100  1\$aSchokman-Gates, Kar-La',$eauthor.
=245  13$aAn investigation of pre-adolescent mood structure /$cby Kar-La' Schokman-Gates.
=264  \1$c[1981]
=264  \4$c1981
=300  \\$a1 online resource (xiii, 229 pages) :$billustrations
=336  \\$atext$btxt$2rdacontent
=337  \\$acomputer$bc$2rdamedia
=338  \\$aonline resource$bcr$2rdacarrier
=500  \\$a"A thesis submitted to the Faculty of Graduate Studies and Research in partial fulfilment of the requirements for the degree of Master of Science, Psychology."
=502  \\$bM. Sc.$cUniversity of Alberta$d1981.
=504  \\$aIncludes bibliographical references (pages 108-122).
=650  \0$aMood (Psychology)
=650  \0$aEmotions in children.
=710  2\$aUniversity of Alberta.$bDepartment of Psychology.
=900  \\$aMK54028
=949  \\$zUAIN$zETHESIS

