=LDR  01295ntm a22003251i 4500
=001  uab09274058
=003  UAB
=005  20140930160027.0
=006  m|||||o||d||||||||
=007  cr||||||||||||
=008  140930t19811981xx\abd\\obm\\\000\0\eng\d
=040  \\$aUAB$beng$erda$cUAB
=050  \4$aHE369$b.S74 1981
=090  \\$aInternet Access$bAEU
=100  1\$aStephenson, Brice William,$eauthor.
=245  10$aTravel behaviour and equilibrium in networks of signalized intersections /$cby Brice William Stephenson.
=264  \1$c[1981]
=264  \4$c1981
=300  \\$a1 online resource (xiv, 149 pages) :$billustrations, maps
=336  \\$atext$btxt$2rdacontent
=337  \\$acomputer$bc$2rdamedia
=338  \\$aonline resource$bcr$2rdacarrier
=500  \\$a"A thesis submitted to the Faculty of Graduate Studies and Research in partial fulfilment of the requirements for the degree of Master of Science in Civil Engineering, Department of Civil Engineering."
=502  \\$bM. Sc.$cUniversity of Alberta$d1981.
=504  \\$aIncludes bibliographical references (pages 146-149).
=650  \0$aTraffic estimation.
=650  \0$aTrip generation.
=650  \0$aRoads$xInterchanges and intersections.
=710  2\$aUniversity of Alberta.$bDepartment of Civil Engineering.
=900  \\$aMK54043
=949  \\$zUAIN$zETHESIS

