=LDR  01096ntm a22003011i 4500
=001  uab09274109
=003  UAB
=005  20140930165739.0
=006  m|||||o||d||||||||
=007  cr||||||||||||
=008  140930t19811981xx\\\\\\obm\\\000\0deng\d
=040  \\$aUAB$beng$erda$cUAB
=050  \4$aPR9199.3.K7$bZ88 1981
=090  \\$aInternet Access$bAEU
=100  1\$aTaylor, Dale,$eauthor.
=245  10$aRobert Kroetsch's fictions /$cby Dale Taylor.
=264  \1$c[1981]
=264  \4$c1981
=300  \\$a1 online resource (viii, 71 pages)
=336  \\$atext$btxt$2rdacontent
=337  \\$acomputer$bc$2rdamedia
=338  \\$aonline resource$bcr$2rdacarrier
=500  \\$a"A thesis submitted to the Faculty of Graduate Studies and Research in partial fulfilment of the requirements for the degree of Master of Arts, Department of English."
=502  \\$bM.A.$cUniversity of Alberta$d1981.
=504  \\$aIncludes bibliographical references (pages 67-71).
=600  10$aKroetsch, Robert,$d1927-2011$xFictional works.
=710  2\$aUniversity of Alberta.$bDepartment of English.
=900  \\$asMK54050
=949  \\$zUAIN$zETHESIS

