=LDR  01200ntm a22003131i 4500
=001  uab09274130
=003  UAB
=005  20140930172611.0
=006  m|||||o||d||||||||
=007  cr||||||||||||
=008  140930t19811981xx\ag\\\obm\\\000\0\eng\d
=040  \\$aUAB$beng$erda$cUAB
=050  \4$aBX8565$b.T39 1981
=090  \\$aInternet Access$bAEU
=100  1\$aTaylor, John Christopher,$eauthor.
=245  14$aThe Moravian trombone choir tradition in America /$cby John Christopher Taylor.
=264  \1$c[1981]
=264  \4$c1981
=300  \\$a1 online resource (xiii, 120 pages) :$billustration, music
=336  \\$atext$btxt$2rdacontent
=337  \\$acomputer$bc$2rdamedia
=338  \\$aonline resource$bcr$2rdacarrier
=500  \\$a"A thesis submitted to the Faculty of Graduate Studies and Research in partial fulfilment of the requirements for the degree of Master of Music in Applied Music, the Department of Music."
=502  \\$bM. Mus.$cUniversity of Alberta$d1981.
=504  \\$aIncludes bibliographical references (pages 77-83).
=650  \0$aMoravian Church$xHistory.
=650  \0$aTrombone choir music.
=710  2\$aUniversity of Alberta.$bDepartment of Music.
=900  \\$aMK54051
=949  \\$zUAIN$zETHESIS

