=LDR  01270ntm a22003131i 4500
=001  uab09274135
=003  UAB
=005  20140930173216.0
=006  m|||||o||d||||||||
=007  cr||||||||||||
=008  140930t19811981xx\ad\\\obm\\\000\0\eng\d
=040  \\$aUAB$beng$erda$cUAB
=050  \4$aS651$b.T56 1981
=090  \\$aInternet Access$bAEU
=100  1\$aTimmermans, John Gylbert,$eauthor.
=245  10$aFall versus spring application of nitrogen fertilizers on dryland and irrigated soils of southern Alberta /$cby John Gylbert Timmermans.
=264  \1$c[1981]
=264  \4$c1981
=300  \\$a1 online resource (xiv, 128 pages) :$billustrations
=336  \\$atext$btxt$2rdacontent
=337  \\$acomputer$bc$2rdamedia
=338  \\$aonline resource$bcr$2rdacarrier
=500  \\$a"A thesis submitted to the Faculty of Graduate Studies and Research in partial fulfilment of the requirements for the degree of Master of Science in Soild Science, Department of Soil Science."
=502  \\$bM. Sc.$cUniversity of Alberta$d1981.
=504  \\$aIncludes bibliographical references (pages 92-101).
=650  \0$aNitrogen fertilizers$zAlberta.
=650  \0$aSoils, Irrigated$zAlberta.
=710  2\$aUniversity of Alberta.$bDepartment of Soil Science.
=900  \\$aMK54056
=949  \\$zUAIN$zETHESIS

