=LDR  01353ntm a22003251i 4500
=001  uab09274140
=003  UAB
=005  20140930173833.0
=006  m|||||o||d||||||||
=007  cr||||||||||||
=008  140930t19811981xx\\\\\\obm\\\000\0\eng\d
=040  \\$aUAB$beng$erda$cUAB
=050  \4$aPN3448.D4$bA86 1981
=090  \\$aInternet Access$bAEU
=100  1\$aAsong, Linus T.$q(Linus Tongwo),$d1947-$eauthor.
=245  10$aDetective fiction and the African scene :$bfrom the "Whodunit?" to the "Whydunit?" /$cby Asong Linus Tongwo.
=264  \1$c[1981]
=264  \4$c1981
=300  \\$a1 online resource (vi, 83 pages)
=336  \\$atext$btxt$2rdacontent
=337  \\$acomputer$bc$2rdamedia
=338  \\$aonline resource$bcr$2rdacarrier
=500  \\$a"A thesis submitted to the Faculty of Graduate Studies and Research in partial fulfilment of the requirements for the degree of Master of Arts, Department of Comparative Literature."
=502  \\$bM.A.$cUniversity of Alberta$d1981.
=504  \\$aIncludes bibliographical references (pages 80-83).
=650  \0$aDetective and mystery stories$xHistory and criticism.
=650  \0$aAfrican fiction$xHistory and criticism.
=650  \0$aDetective and mystery stories, African$xHistory and criticism.
=710  2\$aUniversity of Alberta.$bDepartment of Comparative Literature.
=900  \\$aMK54058
=949  \\$zUAIN$zETHESIS

