=LDR  01120ntm a22003011i 4500
=001  uab09274252
=003  UAB
=005  20141001092044.0
=006  m|||||o||d||||||||
=007  cr||||||||||||
=008  141001t19811981xx\\\\\\obm\\\000\0deng\d
=040  \\$aUAB$beng$erda$cUAB
=050  \4$aPS3509.L43$bZ893 1981
=090  \\$aInternet Access$bAEU
=100  1\$aToth, Nancy,$d1947-$eauthor.
=245  10$aT.S. Eliot :$bimages in context /$cby Nancy Toth.
=264  \1$c[1981]
=264  \4$c1981
=300  \\$a1 online resource (xiii, 150 pages)
=336  \\$atext$btxt$2rdacontent
=337  \\$acomputer$bc$2rdamedia
=338  \\$aonline resource$bcr$2rdacarrier
=500  \\$a"A thesis submitted to the Faculty of Graduate Studies and Research in partial fulfilment of the requirements for the degree of Master of Arts, Department of English."
=502  \\$bM.A.$cUniversity of Alberta$d1981.
=504  \\$aIncludes bibliographical references (pages 144-150).
=600  10$aEliot, T. S.$q(Thomas Stearns),$d1888-1965$xPoetic works.
=710  2\$aUniversity of Alberta.$bDepartment of English.
=900  \\$aMK54059
=949  \\$zUAIN$zETHESIS

