=LDR  01195ntm a22003251i 4500
=001  uab09274171
=003  UAB
=005  20140930185953.0
=006  m|||||o||d||||||||
=007  cr||||||||||||
=008  140930t19681968xx\ad\\\obm\\\000\0\eng\d
=040  \\$aUAB$beng$erda$cUAB
=050  \4$aQD708$b.J35 1968
=090  \\$aInternet Access$bAEU
=100  1\$aJakubowski, Ernest,$eauthor.
=245  14$aThe Hg 6(P) photosensitization of carbon and silicon hydrides /$cby Ernest Jakubowski.
=264  \1$c[1968]
=264  \4$c1968
=300  \\$a1 online resource (xiii, 180 pages) :$billustrations
=336  \\$atext$btxt$2rdacontent
=337  \\$acomputer$bc$2rdamedia
=338  \\$aonline resource$bcr$2rdacarrier
=500  \\$a"A thesis submitted to the Faculty of Graduate Studies and Research in partial fulfilment of the requirements for the degree of Doctor of Philosophy, Department of Chemistry."
=502  \\$bPh. D.$cUniversity of Alberta$d1968.
=504  \\$aIncludes bibliographical references (pages 152-157).
=650  \0$aPhotochemistry.
=650  \0$aHydrides.
=650  \0$aPropane.
=710  2\$aUniversity of Alberta.$bDepartment of Chemistry.
=900  \\$aNK03389
=949  \\$zUAIN$zETHESIS

