=LDR  01164ntm a22003011i 4500
=001  uab09274182
=003  UAB
=005  20140930194919.0
=006  m|||||o||d||||||||
=007  cr||||||||||||
=008  140930t19681968xx\ad\\\obm\\\000\0\eng\d
=040  \\$aUAB$beng$erda$cUAB
=050  \4$aRC370$b.S37 1968
=090  \\$aInternet Access$bAEU
=100  1\$aScraba, Douglas G.,$eauthor.
=245  10$aPhysical and chemical studies of three variants of mengo encephalomyelitis virus /$cby Douglas G. Scraba.
=264  \1$c[1968]
=264  \4$c1968
=300  \\$a1 online resource (xiii, 92 pages) :$billustrations
=336  \\$atext$btxt$2rdacontent
=337  \\$acomputer$bc$2rdamedia
=338  \\$aonline resource$bcr$2rdacarrier
=500  \\$a"A thesis submitted to the Faculty of Graduate Studies and Research in partial fulfilment of the requirements for the degree of Doctor of Philosophy, Department of Biochemistry."
=502  \\$bPh. D.$cUniversity of Alberta$d1968.
=504  \\$aIncludes bibliographical references (pages 76-82).
=650  \0$aEncephalomyelitis.
=710  2\$aUniversity of Alberta.$bDepartment of Biochemistry.
=900  \\$aNK03406
=949  \\$zUAIN$zETHESIS

