=LDR  01217ntm a22003251i 4500
=001  uab09274192
=003  UAB
=005  20140930201321.0
=006  m|||||o||d||||||||
=007  cr||||||||||||
=008  140930t19681968xx\a\\\\obm\\\000\0\eng\d
=040  \\$aUAB$beng$erda$cUAB
=050  \4$aHM1201$b.E93 1968
=090  \\$aInternet Access$bAEU
=100  1\$aEvans, James Frederick,$eauthor.
=245  10$aComponents of motivation in a competitive situation /$cby James Frederick Evans.
=264  \1$c[1968]
=264  \4$c1968
=300  \\$a1 online resource (ix, 61 pages) :$billustrations
=336  \\$atext$btxt$2rdacontent
=337  \\$acomputer$bc$2rdamedia
=338  \\$aonline resource$bcr$2rdacarrier
=500  \\$a"A thesis submitted to the Faculty of Graduate Studies and Research in partial fulfilment of the requirements for the degree of Doctor of Philosophy, Department of Psychology."
=502  \\$bPh. D.$cUniversity of Alberta$d1968.
=504  \\$aIncludes bibliographical references (pages 36-38).
=650  \0$aMotivation (Psychology)
=650  \0$aCompetition (Psychology)
=650  \0$aCharacter tests.
=710  2\$aUniversity of Alberta.$bDepartment of Psychology.
=900  \\$aNK03377
=949  \\$zUAIN$zETHESIS

