=LDR  01175ntm a22003131i 4500
=001  uab09274204
=003  UAB
=005  20140930204330.0
=006  m|||||o||d||||||||
=007  cr||||||||||||
=008  140930t19681968xx\ad\\\obm\\\000\0\eng\d
=040  \\$aUAB$beng$erda$cUAB
=050  \4$aQP96$b.M36 1968
=090  \\$aInternet Access$bAEU
=100  1\$aMann, J.,$eauthor.
=245  10$aSome properties of the membrane ATP-ASE system of the human erythrocyte /$cby John Mann.
=264  \1$c[1968]
=264  \4$c1968
=300  \\$a1 online resource (xvi, 166 pages) :$billustrations
=336  \\$atext$btxt$2rdacontent
=337  \\$acomputer$bc$2rdamedia
=338  \\$aonline resource$bcr$2rdacarrier
=500  \\$a"A thesis submitted to the Faculty of Graduate Studies and Research in partial fulfilment of the requirements for the degree of Doctor of Philosophy, Department of Biochemistry."
=502  \\$bPh. D.$cUniversity of Alberta$d1968.
=504  \\$aIncludes bibliographical references (pages 158-167).
=650  \0$aErythrocytes.
=650  \0$aAdenosine triphosphatase.
=710  2\$aUniversity of Alberta.$bDepartment of Biochemistry.
=900  \\$aNK03395
=949  \\$zUAIN$zETHESIS

