=LDR  01177ntm a22003131i 4500
=001  uab09274420
=003  UAB
=005  20141001132938.0
=006  m|||||o||d||||||||
=007  cr||||||||||||
=008  141001t19681968xx\a\\\\obm\\\000\0\eng\d
=040  \\$aUAB$beng$erda$cUAB
=050  \4$aQD501$b.S38 1968
=090  \\$aInternet Access$bAEU
=100  1\$aSchulz, Uwe,$eauthor.
=245  10$aStudies on the reaction of p-nitrobenzyldimethylsulfonium ion with hydroxide ion /$cby Uwe Schulz.
=264  \1$c[1968]
=264  \4$c1968
=300  \\$a1 online resource (x, 181 pages) :$billustrations
=336  \\$atext$btxt$2rdacontent
=337  \\$acomputer$bc$2rdamedia
=338  \\$aonline resource$bcr$2rdacarrier
=500  \\$a"A thesis submitted to the Faculty of Graduate Studies and Research in partial fulfilment of the requirements for the degree of Doctor of Philosophy, Department of Chemistry."
=502  \\$bPh. D.$cUniversity of Alberta$d1968.
=504  \\$aIncludes bibliographical references (pages 174-181).
=650  \0$aNucleophilic reactions.
=650  \0$aHydroxides.
=710  2\$aUniversity of Alberta.$bDepartment of Chemistry.
=900  \\$aNK03404
=949  \\$zUAIN$zETHESIS

