=LDR  01163ntm a22003131i 4500
=001  uab09274426
=003  UAB
=005  20141001142412.0
=006  m|||||o||d||||||||
=007  cr||||||||||||
=008  141001t19681968xx\ad\\\obm\\\000\0\eng\d
=040  \\$aUAB$beng$erda$cUAB
=050  \4$aQD421$b.S67 1968
=090  \\$aInternet Access$bAEU
=100  1\$aSoper, Arnold Clifford,$eauthor.
=245  10$aStudies related to the synthesis of lycopodine /$cby Arnold Clifford Soper.
=264  \1$c[1968]
=264  \4$c1968
=300  \\$a1 online resource (viii, 186 pages) :$billustrations
=336  \\$atext$btxt$2rdacontent
=337  \\$acomputer$bc$2rdamedia
=338  \\$aonline resource$bcr$2rdacarrier
=500  \\$a"A thesis submitted to the Faculty of Graduate Studies and Research in partial fulfilment of the requirements for the degree of Doctor of Philosophy, Department of Chemistry."
=502  \\$bPh. D.$cUniversity of Alberta$d1968.
=504  \\$aIncludes bibliographical references (pages 180-186).
=650  \0$aAlkaloids.
=650  \0$aChemical reactions.
=710  2\$aUniversity of Alberta.$bDepartment of Chemistry.
=900  \\$aNK03413
=949  \\$zUAIN$zETHESIS

