=LDR  01228ntm a22003011i 4500
=001  uab09274435
=003  UAB
=005  20141001143919.0
=006  m|||||o||d||||||||
=007  cr||||||||||||
=008  141001t19681968xx\ad\\\obm\\\000\0\eng\d
=040  \\$aUAB$beng$erda$cUAB
=050  \4$aQL737.P925$bD35 1968
=090  \\$aInternet Access$bAEU
=100  1\$aDalrymple, Samuel D.,$eauthor.
=245  10$aDrug-induced modifications of concurrent avoidance and fixed-ratio responding in the squirrel monkey, (Saimiri Sciureus) /$cby Samuel D. Dalrymple.
=264  \1$c[1968]
=264  \4$c1968
=300  \\$a1 online resource (v, 150 pages) :$billustrations
=336  \\$atext$btxt$2rdacontent
=337  \\$acomputer$bc$2rdamedia
=338  \\$aonline resource$bcr$2rdacarrier
=500  \\$a"A thesis submitted to the Faculty of Graduate Studies and Research in partial fulfillment of the requirements for the degree of Doctor of Philosophy, Department of Psychology."
=502  \\$bPh. D.$cUniversity of Alberta$d1968.
=504  \\$aIncludes bibliographical references (pages 145-150).
=650  \0$aSquirrel monkeys$xEffect of drugs on.
=710  2\$aUniversity of Alberta.$bDepartment of Psychology.
=900  \\$aNK03370
=949  \\$zUAIN$zETHESIS

