=LDR  01207ntm a22003131i 4500
=001  uab09274455
=003  UAB
=005  20141001150348.0
=006  m|||||o||d||||||||
=007  cr||||||||||||
=008  141001t19681968xx\ad\\\obm\\\000\0\eng\d
=040  \\$aUAB$beng$erda$cUAB
=050  \4$aQP801.N55$bG73 1968
=090  \\$aInternet Access$bAEU
=100  1\$aGray, Michael William,$eauthor.
=245  10$a5-Carboxymethyluridine, a novel nucleoside derived from yeast and wheat embryo transfer RNA /$cby Michael William Gray.
=264  \1$c[1968]
=264  \4$c1968
=300  \\$a1 online resource (xvi, 85 pages) :$billustrations
=336  \\$atext$btxt$2rdacontent
=337  \\$acomputer$bc$2rdamedia
=338  \\$aonline resource$bcr$2rdacarrier
=500  \\$a"A thesis submitted to the Faculty of Graduate Studies and Research in partial fulfilment of the requirements for the degree of Doctor of Philosophy, Department of Biochemistry."
=502  \\$bPh. D.$cUniversity of Alberta$d1968.
=504  \\$aIncludes bibliographical references (pages 82-85).
=650  \0$aNucleosides.
=650  \0$aTransfer RNA.
=710  2\$aUniversity of Alberta.$bDepartment of Biochemistry.
=900  \\$aNK03381
=949  \\$zUAIN$zETHESIS

