=LDR  01268ntm a22003251i 4500
=001  uab09274460
=003  UAB
=005  20141001151017.0
=006  m|||||o||d||||||||
=007  cr||||||||||||
=008  141001t19681968xx\ad\\\obm\\\000\0\eng\d
=040  \\$aUAB$beng$erda$cUAB
=050  \4$aSF203$b.H66 1968
=090  \\$aInternet Access$bAEU
=100  1\$aHoogendoorn, Arie Leonardus,$eauthor.
=245  10$aVarying levels of energy and roughage in rations for lactating dairy cows /$cby Arie Leonardus Hoogendoorn.
=264  \1$c[1968]
=264  \4$c1968
=300  \\$a1 online resource (107, 7 pages) :$billustrations
=336  \\$atext$btxt$2rdacontent
=337  \\$acomputer$bc$2rdamedia
=338  \\$aonline resource$bcr$2rdacarrier
=500  \\$a"A thesis submitted to the Faculty of Graduate Studies and Research in partial fulfilment of the requirements for the degree of Doctor of Philosophy, Department of Animal Science."
=502  \\$bPh. D.$cUniversity of Alberta$d1968.
=504  \\$aIncludes bibliographical references (pages 95-107).
=650  \0$aDairy cattle$xFeed utilization efficiency.
=650  \0$aFeeds$xFiber content.
=650  \0$aMilk yield.
=710  2\$aUniversity of Alberta.$bDepartment of Animal Science.
=900  \\$aNK03386
=949  \\$zUAIN$zETHESIS

