=LDR  01102ntm a22003011i 4500
=001  uab09274475
=003  UAB
=005  20141001152932.0
=006  m|||||o||d||||||||
=007  cr||||||||||||
=008  141001t19681968xx\\\\\\obm\\\000\0\eng\d
=040  \\$aUAB$beng$erda$cUAB
=050  \4$aBF323.I5$bM45 1968
=090  \\$aInternet Access$bAEU
=100  1\$aMelvin, Robert A.,$eauthor.
=245  14$aThe concept of interest /$cby Robert A. Melvin.
=264  \1$c[1968]
=264  \4$c1968
=300  \\$a1 online resource (640 pages)
=336  \\$atext$btxt$2rdacontent
=337  \\$acomputer$bc$2rdamedia
=338  \\$aonline resource$bcr$2rdacarrier
=500  \\$a"A thesis submitted to the Faculty of Graduate Studies and Research in partial fulfilment of the requirements for the degree of Doctor of Philosophy, Department of Political Science."
=502  \\$bPh. D.$cUniversity of Alberta$d1968.
=504  \\$aIncludes bibliographical references (pages [612]-640).
=650  \0$aInterest (Psychology)
=710  2\$aUniversity of Alberta.$bDepartment of Political Science.
=900  \\$aNK03398
=949  \\$zUAIN$zETHESIS

