=LDR  01220ntm a22003251i 4500
=001  uab09274496
=003  UAB
=005  20141001160039.0
=006  m|||||o||d||||||||
=007  cr||||||||||||
=008  141001t19681968xx\ad\\\obm\\\000\0\eng\d
=040  \\$aUAB$beng$erda$cUAB
=050  \4$aQK495.L52$bS53 1968
=090  \\$aInternet Access$bAEU
=100  1\$aShargool, Peter Douglas,$eauthor.
=245  10$aSome enzymes and intermediates involved in the biosynthesis of l-arginine in Pisum Sativum L. /$cby Peter Douglas Shargool.
=264  \1$c[1968]
=264  \4$c1968
=300  \\$a1 online resource (x, 108 pages) :$billustrations
=336  \\$atext$btxt$2rdacontent
=337  \\$acomputer$bc$2rdamedia
=338  \\$aonline resource$bcr$2rdacarrier
=500  \\$a"A thesis submitted to the Faculty of Graduate Studies and Research in partial fulfilment of the requirements for the degree of Doctor of Philosophy, Department of Botany."
=502  \\$bPh. D.$cUniversity of Alberta$d1968.
=504  \\$aIncludes bibliographical references (pages 99-108).
=650  \0$aPeas.
=650  \0$aArginine.
=650  \0$aBiosynthesis.
=710  2\$aUniversity of Alberta.$bDepartment of Botany.
=900  \\$aNK03408
=949  \\$zUAIN$zETHESIS

