=LDR  01201ntm a22003131i 4500
=001  uab09276858
=003  UAB
=005  20141009114931.0
=006  m|||||o||d||||||||
=007  cr||||||||||||
=008  141009t19731973xx\ad\\\obm\\\000\0\eng\d
=040  \\$aUAB$beng$erda$cUAB
=050  \4$aQD181.H1$bF85 1973
=090  \\$aInternet Access$bAEU
=100  1\$aFujiwara, Fred Yukio,$eauthor.
=245  10$aNuclear magnetic resonance study of hydrogen bihalide ions in solution /$cby Fred Yukio Fujiwara.
=264  \1$c[1973]
=264  \4$c1973
=300  \\$a1 online resource (xvi, 189 pages) :$billustrations
=336  \\$atext$btxt$2rdacontent
=337  \\$acomputer$bc$2rdamedia
=338  \\$aonline resource$bcr$2rdacarrier
=500  \\$a"A thesis submitted to the Faculty of Graduate Studies and Research in partial fulfilment of the requirements for the degree of Doctor of Philosophy, Department of Chemistry."
=502  \\$bPh. D.$cUniversity of Alberta$d1973.
=504  \\$aIncludes bibliographical references (pages 170-183).
=650  \0$aHydrogen$xAnalysis.
=650  \0$aNuclear magnetic resonance.
=710  2\$aUniversity of Alberta.$bDepartment of Chemistry.
=900  \\$aNK17515
=949  \\$zUAIN$zETHESIS

