=LDR  01209ntm a22003131i 4500
=001  uab09276891
=003  UAB
=005  20141009121202.0
=006  m|||||o||d||||||||
=007  cr||||||||||||
=008  141009t19731973xx\\\\\\obm\\\000\0\eng\d
=040  \\$aUAB$beng$erda$cUAB
=050  \4$aQC809.E55$bG55 1973
=090  \\$aInternet Access$bAEU
=100  1\$aGilliland, John Michael,$eauthor.
=245  10$aMean field electrodynamics and dynamo theories of planetary magnetic fields /$cby John Michael Gilliland.
=264  \1$c[1973]
=264  \4$c1973
=300  \\$a1 online resource (xxvii, 512 pages)
=336  \\$atext$btxt$2rdacontent
=337  \\$acomputer$bc$2rdamedia
=338  \\$aonline resource$bcr$2rdacarrier
=500  \\$a"A thesis submitted to the Faculty of Graduate Studies and Research in partial fulfilment of the requirements for the degree of Doctor of Philosophy in Geophysics, Department of Physics."
=502  \\$bPh. D.$cUniversity of Alberta$d1973.
=504  \\$aIncludes bibliographical references (pages 411-459).
=650  \0$aCosmic electrodynamics.
=650  \0$aPlanets$xMagnetospheres.
=710  2\$aUniversity of Alberta.$bDepartment of Physics.
=900  \\$aNK17523
=949  \\$zUAIN$zETHESIS

