=LDR  01143ntm a22003131i 4500
=001  uab09276909
=003  UAB
=005  20141009123023.0
=006  m|||||o||d||||||||
=007  cr||||||||||||
=008  141009t19731973xx\ad\\\obm\\\000\0\eng\d
=040  \\$aUAB$beng$erda$cUAB
=050  \4$aBF371$b.G83 1973
=090  \\$aInternet Access$bAEU
=100  1\$aGuay, Myrna J.,$eauthor.
=245  10$aMatching and amatching in the budgerigar /$cby Myrna J. Guay.
=264  \1$c[1973]
=264  \4$c1973
=300  \\$a1 online resource (x, 75 pages) :$billustrations
=336  \\$atext$btxt$2rdacontent
=337  \\$acomputer$bc$2rdamedia
=338  \\$aonline resource$bcr$2rdacarrier
=500  \\$a"A thesis submitted to the Faculty of Graduate Studies and Research in partial fulfilment of the requirements for the degree of Doctor of Philosophy, Department of Psychology."
=502  \\$bPh. D.$cUniversity of Alberta$d1973.
=504  \\$aIncludes bibliographical references (pages 41-45).
=650  \0$aMemory.
=650  \0$aBirds as laboratory animals.
=710  2\$aUniversity of Alberta.$bDepartment of Psychology.
=900  \\$aNK17533
=949  \\$zUAIN$zETHESIS



