=LDR  01186ntm a2200313Ii 4500
=001  uab09275450
=003  UAB
=005  20141004001713.0
=006  m|||||o||d||||||||
=007  cr||||||||||||
=008  141004t19711971xx\ad\\\obm\\\000\0\eng\d
=040  \\$aUAB$beng$erda$cUAB
=050  \4$aQP475$b.L33 1971
=090  \\$aInternet Access$bAEU
=100  1\$aLadan, Carol Jeanette,$eauthor.
=245  10$aTFF :$bquantitative aspects of thermal flicker fusion phenomenon /$cby Carol Jeanette Ladan.
=264  \1$c[1971]
=264  \4$c1971
=300  \\$a1 online resource (xiii, 156 pages) :$billustrations
=336  \\$atext$btxt$2rdacontent
=337  \\$acomputer$bc$2rdamedia
=338  \\$aonline resource$bcr$2rdacarrier
=500  \\$a"A thesis submitted to the Faculty of Graduate Studies and Research in partial fulfilment of the requirements for the degree of Doctor of Philosophy, Department of Psychology."
=502  \\$bPh. D.$cUniversity of Alberta$d1971.
=504  \\$aIncludes bibliographical references (pages 85-91).
=650  \0$aFlicker fusion.
=650  \0$aPhysiological optics.
=710  2\$aUniversity of Alberta.$bDepartment of Psychology.
=900  \\$aNK08092
=949  \\$zUAIN$zETHESIS

