=LDR  01155ntm a2200301Ii 4500
=001  uab09275338
=003  UAB
=005  20141003061339.0
=006  m|||||o||d||||||||
=007  cr||||||||||||
=008  141003t19711971xx\ad\\\obm\\\000\0\eng\d
=040  \\$aUAB$beng$erda$cUAB
=050  \4$aSF768.2.S5$bC47 1971
=090  \\$aInternet Access$bAEU
=100  1\$aChristopherson, Robert John,$eauthor.
=245  10$aStudies in the physiology of eating in sheep /$cby Robert John Christopherson.
=264  \1$c[1971]
=264  \4$c1971
=300  \\$a1 online resource (xv, 139 pages) :$billustrations
=336  \\$atext$btxt$2rdacontent
=337  \\$acomputer$bc$2rdamedia
=338  \\$aonline resource$bcr$2rdacarrier
=500  \\$a"A thesis submitted to the Faculty of Graduate Studies and Research in partial fulfilment of the requirements for the degree of Doctor of Philosophy, Department of Animal Science."
=502  \\$bPh. D.$cUniversity of Alberta$d1971.
=504  \\$aIncludes bibliographical references (pages 116-130).
=650  \0$aSheep$xPhysiology.
=710  2\$aUniversity of Alberta.$bDepartment of Animal Science.
=900  \\$aNK09584
=949  \\$zUAIN$zETHESIS

