=LDR  01181ntm a2200313Ii 4500
=001  uab09276773
=003  UAB
=005  20141009100315.0
=006  m|||||o||d||||||||
=007  cr||||||||||||
=008  141009t19711971xx\ad\\\obm\\\000\0\eng\d
=040  \\$aUAB$beng$erda$cUAB
=050  \4$aSF396.5$b.S23 1971
=090  \\$aInternet Access$bAEU
=100  1\$aSaben, Hugh Simon,$eauthor.
=245  10$aRapeseed meal as an energy and protein source for growing pigs /$cby Hugh Simon Saben.
=264  \1$c[1971]
=264  \4$c1971
=300  \\$a1 online resource (63, iv pages) :$billustrations
=336  \\$atext$btxt$2rdacontent
=337  \\$acomputer$bc$2rdamedia
=338  \\$aonline resource$bcr$2rdacarrier
=500  \\$a"A thesis submitted to the Faculty of Graduate Studies and Research in partial fulfilment of the requirements for the degree of Doctor of Philosophy, Department of Animal Science."
=502  \\$bPh. D.$cUniversity of Alberta$d1971.
=504  \\$aIncludes bibliographical references (pages 58-63).
=650  \0$aSwine$xFeeding and feeds.
=650  \0$aRapeseed.
=710  2\$aUniversity of Alberta.$bDepartment of Animal Science.
=900  \\$aNK09639
=949  \\$zUAIN$zETHESIS

