=LDR  01486ntm a2200361Ii 4500
=001  uab09275940
=003  UAB
=005  20141007102118.0
=006  m|||||o||d||||||||
=007  cr||||||||||||
=008  141007t19721972xx\ab\\\obm\\\000\0\eng\d
=040  \\$aUAB$beng$erda$cUAB
=043  \\$anwxi---
=050  \4$aHD1471.S16$bB35 1972
=090  \\$aInternet Access$bAEU
=100  1\$aBai, David H.,$eauthor.
=245  14$aThe dialectics of change in plantation society :$bproduction organization and politics in St. Kitts, West Indies /$cby David H. Bai.
=264  \1$c[1972]
=264  \4$c1972
=300  \\$a1 online resource ([vi], [v], 291 pages) :$billustration, maps
=336  \\$atext$btxt$2rdacontent
=337  \\$acomputer$bc$2rdamedia
=338  \\$aonline resource$bcr$2rdacarrier
=500  \\$a"A thesis submitted to the Faculty of Graduate Studies and Research in partial fulfilment of the requirements for the degree of Doctor of Philosophy, Department of Anthropology."
=502  \\$bPh. D.$cUniversity of Alberta$d1972.
=504  \\$aIncludes bibliographical references (pages 280-291).
=590  \\$aLibrary copy imperfect: page 212 scanned twice.
=650  \0$aPlantations$zSaint Kitts and Nevis.
=650  \0$aSocial change$zSaint Kitts and Nevis.
=651  \0$aSaint Kitts and Nevis$xEconomic conditions.
=651  \0$aSaint Kitts and Nevis$xPolitics and government.
=710  2\$aUniversity of Alberta.$bDepartment of Anthropology.
=900  \\$aNK13288
=949  \\$zUAIN$zETHESIS

