=LDR  01186ntm a2200313Ii 4500
=001  uab09274659
=003  UAB
=005  20141002052348.0
=006  m|||||o||d||||||||
=007  cr||||||||||||
=008  141002t19691969xx\ad\\\obm\\\000\0\eng\d
=040  \\$aUAB$beng$erda$cUAB
=050  \4$aQR395$b.T68 1969
=090  \\$aInternet Access$bAEU
=100  1\$aTovell, Dorothy Rae,$eauthor.
=245  14$aThe interaction of viral RNA with cultured mammalian cells /$cby Dorothy Rae Tovell.
=264  \1$c[1969]
=264  \4$c1969
=300  \\$a1 online resource (<xiii, 123 [i.e. 124 pages]>) :$billustrations
=336  \\$atext$btxt$2rdacontent
=337  \\$acomputer$bc$2rdamedia
=338  \\$aonline resource$bcr$2rdacarrier
=500  \\$a"A thesis submitted to the Faculty of Graduate Studies and Research in partial fulfilment of the requirements for the degree of Doctor of Philosophy, Department of Biochemistry."
=502  \\$bPh. D.$cUniversity of Alberta$d1969.
=504  \\$aIncludes bibliographical references (pages 116-123).
=650  \0$aRNA viruses.
=650  \0$aViral genetics.
=710  2\$aUniversity of Alberta.$bDepartment of Biochemistry.
=900  \\$aNK03870
=949  \\$zUAIN$zETHESIS

