=LDR  01111ntm a2200301Ii 4500
=001  uab09274616
=003  UAB
=005  20141001204648.0
=006  m|||||o||d||||||||
=007  cr||||||||||||
=008  141001t19691969xx\ad\\\obm\\\000\0\eng\d
=040  \\$aUAB$beng$erda$cUAB
=050  \4$aQR342$b.W38 1969
=090  \\$aInternet Access$bAEU
=100  1\$aWatanabe, Hiroko,$d1938-$eauthor.
=245  14$aThe RNA bacteriophage R23 /$cby Hiroko Watanabe.
=264  \1$c[1969]
=264  \4$c1969
=300  \\$a1 online resource (xii, 125 pages) :$billustrations
=336  \\$atext$btxt$2rdacontent
=337  \\$acomputer$bc$2rdamedia
=338  \\$aonline resource$bcr$2rdacarrier
=500  \\$a"A thesis submitted to the Faculty of Graduate Studies and Research in partial fulfilment of the requirements for the degree of Doctor of Philosophy, Department of Biochemistry."
=502  \\$bPh. D.$cUniversity of Alberta$d1969.
=504  \\$aIncludes bibliographical references (pages 112-125).
=650  \0$aBacteriophages.
=710  2\$aUniversity of Alberta.$bDepartment of Biochemistry.
=900  \\$aNK04990
=949  \\$zUAIN$zETHESIS

