=LDR  01480ntm a2200373Ii 4500
=001  uab09275918
=003  UAB
=005  20141007093630.0
=006  m|||||o||d||||||||
=007  cr||||||||||||
=008  141007t19711971xx\adf\\obm\\\000\0\eng\d
=040  \\$aUAB$beng$erda$cUAB
=050  \4$aQP552.M93$bS84 1971
=090  \\$aInternet Access$bAEU
=100  1\$aSugden, Edward Arthur,$eauthor.
=245  10$aStudies on the myosin nucleoside triphosphatase and the actin-myosin interaction under the influence of calcium and magnesium at low concentrations of potassium chloride /$cby Edward Arthur Sugden.
=264  \1$c[1971]
=264  \4$c1971
=300  \\$a1 online resource (xiv, 74 pages, 37 leaves of plates) :$billustrations
=336  \\$atext$btxt$2rdacontent
=337  \\$acomputer$bc$2rdamedia
=338  \\$aonline resource$bcr$2rdacarrier
=500  \\$a"A thesis submitted to the Faculty of Graduate Studies and Research in partial fulfilment of the requirements for the degree of Doctor of Philosophy, Department of Biochemistry."
=502  \\$bPh. D.$cUniversity of Alberta$d1971.
=504  \\$aIncludes bibliographical references (pages 68-74).
=590  \\$aLibrary copy imperfect: Figure 28 scanned twice.
=650  \0$aMyosin.
=650  \0$aActomyosin.
=650  \0$aHydrolysis.
=650  \0$aCalcium.
=650  \0$aMagnesium.
=650  \0$aPotassium chloride.
=710  2\$aUniversity of Alberta.$bDepartment of Biochemistry.
=900  \\$aNK08127
=949  \\$zUAIN$zETHESIS

