=LDR  01219ntm a2200313Ii 4500
=001  uab09276735
=003  UAB
=005  20141004091536.0
=006  m|||||o||d||||||||
=007  cr||||||||||||
=008  141004t19721972xx\ad\\\obm\\\000\0\eng\d
=040  \\$aUAB$beng$erda$cUAB
=050  \4$aQP625.A3$bB67 1972
=090  \\$aInternet Access$bAEU
=100  1\$aBorger, Johann Philipp,$eauthor.
=245  10$aTubercidin triphosphate :$bits synthesis and reactions with myosin and actomyosin /$cby Johann Philipp Borger.
=264  \1$c[1972]
=264  \4$c1972
=300  \\$a1 online resource (v, 136 pages) :$billustrations
=336  \\$atext$btxt$2rdacontent
=337  \\$acomputer$bc$2rdamedia
=338  \\$aonline resource$bcr$2rdacarrier
=500  \\$a"A thesis submitted to the Faculty of Graduate Studies and Research in partial fulfilment of the requirements for the degree of Doctor of Philosophy, Department of Biochemistry."
=502  \\$bPh. D.$cUniversity of Alberta$d1972.
=504  \\$aIncludes bibliographical references (pages 134-136).
=650  \0$aAdenosine triphosphate$xSynthesis.
=650  \0$aActomyosin.
=710  2\$aUniversity of Alberta.$bDepartment of Biochemistry.
=900  \\$aNK11117
=949  \\$zUAIN$zETHESIS

