=LDR  01138ntm a2200313Ii 4500
=001  uab09277389
=003  UAB
=005  20141010141955.0
=006  m|||||o||d||||||||
=007  cr||||||||||||
=008  141010t19741974xx\ad\\\obm\\\000\0\eng\d
=040  \\$aUAB$beng$erda$cUAB
=050  \4$aQP624.5.C57$bP85 1974
=090  \\$aInternet Access$bAEU
=100  1\$aPulleyblank, David E.,$eauthor.
=245  10$aStudies on superhelical DNA /$cby David E. Pulleyblank.
=264  \1$c[1974]
=264  \4$c1974
=300  \\$a1 online resource (x, 144 pages) :$billustrations
=336  \\$atext$btxt$2rdacontent
=337  \\$acomputer$bc$2rdamedia
=338  \\$aonline resource$bcr$2rdacarrier
=500  \\$a"A thesis submitted to the Faculty of Graduate Studies and Research in partial fulfilment of the requirements for the degree of Doctor of Philosophy, Department of Biochemistry."
=502  \\$bPh. D.$cUniversity of Alberta$d1974.
=504  \\$aIncludes bibliographical references (pages 136-143).
=650  \0$aCircular DNA.
=650  \0$aDNA.
=710  2\$aUniversity of Alberta.$bDepartment of Biochemistry.
=900  \\$aNK21944
=949  \\$zUAIN$zETHESIS

