=LDR  01173ntm a2200301Ii 4500
=001  uab09276732
=003  UAB
=005  20141004091536.0
=006  m|||||o||d||||||||
=007  cr||||||||||||
=008  141004t19721972xx\ad\\\obm\\\000\0\eng\d
=040  \\$aUAB$beng$erda$cUAB
=050  \4$aRC632.H88$bB39 1972
=090  \\$aInternet Access$bAEU
=100  1\$aBaynton, Robert David,$eauthor.
=245  12$aA biochemical and genetic study of type III and type IV hyperlipoproteinemia /$cby Robert David Baynton.
=264  \1$c[1972]
=264  \4$c1972
=300  \\$a1 online resource (xi, 138 pages) :$billustrations
=336  \\$atext$btxt$2rdacontent
=337  \\$acomputer$bc$2rdamedia
=338  \\$aonline resource$bcr$2rdacarrier
=500  \\$a"A thesis submitted to the Faculty of Graduate Studies and Research in partial fulfilment of the requirements for the degree of Doctor of Philosophy, Department of Biochemistry."
=502  \\$bPh. D.$cUniversity of Alberta$d1972.
=504  \\$aIncludes bibliographical references (pages 130-136).
=650  \0$aHyperlipoproteinemia.
=710  2\$aUniversity of Alberta.$bDepartment of Biochemistry.
=900  \\$aNK11113
=949  \\$zUAIN$zETHESIS

