=LDR  01179ntm a2200313Ii 4500
=001  uab09276949
=003  UAB
=005  20141009140108.0
=006  m|||||o||d||||||||
=007  cr||||||||||||
=008  141009t19731973xx\ad\\\obm\\\000\0\eng\d
=040  \\$aUAB$beng$erda$cUAB
=050  \4$aRM373$b.T53 1973
=090  \\$aInternet Access$bAEU
=100  1\$aTidd, David M.,$eauthor.
=245  14$aThe delayed cytotoxic reaction of 6-mercaptopurine /$cby David M. Tidd.
=264  \1$c[1973]
=264  \4$c1973
=300  \\$a1 online resource (xxi, 208 pages) :$billustrations
=336  \\$atext$btxt$2rdacontent
=337  \\$acomputer$bc$2rdamedia
=338  \\$aonline resource$bcr$2rdacarrier
=500  \\$a"A thesis submitted to the Faculty of Graduate Studies and Research in partial fulfilment of the requirements for the degree of Doctor of Philosophy, Department of Biochemistry."
=502  \\$bPh. D.$cUniversity of Alberta$d1973.
=504  \\$aIncludes bibliographical references (pages 191-208).
=650  \0$aImmunosuppressive agents.
=650  \0$aCell-mediated cytotoxicity.
=710  2\$aUniversity of Alberta.$bDepartment of Biochemistry.
=900  \\$aNK15365
=949  \\$zUAIN$zETHESIS

