=LDR  01312ntm a2200337Ii 4500
=001  uab09277300
=003  UAB
=005  20141009204927.0
=006  m|||||o||d||||||||
=007  cr||||||||||||
=008  141009t19741974xx\ad\\\obm\\\000\0\eng\d
=040  \\$aUAB$beng$erda$cUAB
=050  \4$aQP623.5.M47$bD84 1974
=090  \\$aInternet Access$bAEU
=100  1\$aDufresne, Michael J. P.,$eauthor.
=245  10$aMRNA binding factor mediated mRNA-ribosome initiation complex formation in the rabbit liver cell-free protein synthesizing system /$cby Michael J.P. Dufresne.
=264  \1$c[1974]
=264  \4$c1974
=300  \\$a1 online resource (xvi, 164 pages) :$billustrations
=336  \\$atext$btxt$2rdacontent
=337  \\$acomputer$bc$2rdamedia
=338  \\$aonline resource$bcr$2rdacarrier
=500  \\$a"A thesis submitted to the Faculty of Graduate Studies and Research in partial fulfilment of the requirements for the degree of Doctor of Philosophy, Department of Biochemistry."
=502  \\$bPh. D.$cUniversity of Alberta$d1974.
=504  \\$aIncludes bibliographical references (pages 152-164).
=650  \0$aMessenger RNA.
=650  \0$aProteins$xSynthesis.
=650  \0$aRibosomes.
=650  \0$aLiver.
=710  2\$aUniversity of Alberta.$bDepartment of Biochemistry.
=900  \\$aNK21805
=949  \\$zUAIN$zETHESIS

