=LDR  01210ntm a2200313Ii 4500
=001  uab09276511
=003  UAB
=005  20141008160001.0
=006  m|||||o||d||||||||
=007  cr||||||||||||
=008  141008t19721972xx\ad\\\obm\\\000\0\eng\d
=040  \\$aUAB$beng$erda$cUAB
=050  \4$aQR82.E6$bW36 1972
=090  \\$aInternet Access$bAEU
=100  1\$aWang, Tusn-Tien,$eauthor.
=245  10$aStudies on the subunit structure and the active site sequence of succinyl coenzyme A synthetase from E. coli /$cby Tusn-Tien Wang.
=264  \1$c[1972]
=264  \4$c1972
=300  \\$a1 online resource (xvi, 75 pages) :$billustrations
=336  \\$atext$btxt$2rdacontent
=337  \\$acomputer$bc$2rdamedia
=338  \\$aonline resource$bcr$2rdacarrier
=500  \\$a"A thesis submitted to the Faculty of Graduate Studies and Research in partial fulfilment of the requirements for the degree of Doctor of Philosophy, Department of Biochemistry."
=502  \\$bPh. D.$cUniversity of Alberta$d1972.
=504  \\$aIncludes bibliographical references (pages 69-74).
=650  \0$aEscherichia coli.
=650  \0$aEnzymes.
=710  2\$aUniversity of Alberta.$bDepartment of Biochemistry.
=900  \\$aNK13623
=949  \\$zUAIN$zETHESIS

