=LDR  01174ntm a2200313Ii 4500
=001  uab09275167
=003  UAB
=005  20141003100632.0
=006  m|||||o||d||||||||
=007  cr||||||||||||
=008  141003t19711971xx\abdf\obm\\\000\0\eng\d
=040  \\$aUAB$beng$erda$cUAB
=050  \4$aQP552.M93$bH63 1971
=090  \\$aInternet Access$bAEU
=100  1\$aHodges, Robert S.,$eauthor.
=245  10$aSequence studies on rabbit skeletal tropomyosin /$cby Robert Stanley Hodges.
=264  \1$c[1971]
=264  \4$c1971
=300  \\$a1 online resource (xx, 152 pages, 94 leaves of plates) :$billustrations, maps
=336  \\$atext$btxt$2rdacontent
=337  \\$acomputer$bc$2rdamedia
=338  \\$aonline resource$bcr$2rdacarrier
=500  \\$a"A thesis submitted to the Faculty of Graduate Studies in partial fulfilment of the requirements for the degree of Doctor of Philosophy, Department of Biochemistry."
=502  \\$bPh. D.$cUniversity of Alberta$d1971.
=504  \\$aIncludes bibliographical references (pages [145]-152).
=650  \0$aTropomyosins.
=650  \0$aRabbits.
=710  2\$aUniversity of Alberta.$bDepartment of Biochemistry.
=900  \\$aNK09599
=949  \\$zUAIN$zETHESIS

