=LDR  01328ntm a2200337Ii 4500
=001  uab09276326
=003  UAB
=005  20141008104501.0
=006  m|||||o||d||||||||
=007  cr||||||||||||
=008  141008t19721972xx\ad\\\obm\\\000\0\eng\d
=040  \\$aUAB$beng$erda$cUAB
=050  \4$aQP552.M93$bM87 1972
=090  \\$aInternet Access$bAEU
=100  1\$aMurray, Austin Carlos,$eauthor.
=245  14$aThe isolation and physicochemical characterization of components of the troponin system with special reference to troponin A /$cby Austin Carlos Murray.
=264  \1$c[1972]
=264  \4$c1972
=300  \\$a1 online resource (xx, 133 pages) :$billustrations
=336  \\$atext$btxt$2rdacontent
=337  \\$acomputer$bc$2rdamedia
=338  \\$aonline resource$bcr$2rdacarrier
=500  \\$a"A thesis submitted to the Faculty of Graduate Studies and Research in partial fulfilment of the requirements for the degree of Doctor of Philosophy, Department of Biochemistry."
=502  \\$bPh. D.$cUniversity of Alberta$d1972.
=504  \\$aIncludes bibliographical references (pages 127-133).
=590  \\$aLibrary copy imperfect: page 83 missing.
=650  \0$aTropomyosins.
=650  \0$aTroponin I.
=650  \0$aCalcium ions.
=710  2\$aUniversity of Alberta.$bDepartment of Biochemistry.
=900  \\$aNK13495
=949  \\$zUAIN$zETHESIS

