=LDR  01228ntm a2200313Ii 4500
=001  uab09275782
=003  UAB
=005  20141006165840.0
=006  m|||||o||d||||||||
=007  cr||||||||||||
=008  141006t19711971xx\adf\\obm\\\000\0\eng\d
=040  \\$aUAB$beng$erda$cUAB
=050  \4$aQK629.P7$bS58 1971
=090  \\$aInternet Access$bAEU
=100  1\$aShukla, Prabhakar,$eauthor.
=245  14$aThe development of the mycelium of Fomes igniarius (Fries) Kickx. in culture and in host tissue /$cby Prabhakar Shukla.
=264  \1$c[1971]
=264  \4$c1971
=300  \\$a1 online resource (xv, 137 pages, [42] leaves of plates) :$billustrations
=336  \\$atext$btxt$2rdacontent
=337  \\$acomputer$bc$2rdamedia
=338  \\$aonline resource$bcr$2rdacarrier
=500  \\$a"A thesis submitted to the Faculty of Graduate Studies and Research in partial fulfilment of the requirements for the degree of Doctor of Philosophy, Department of Botany."
=502  \\$bPh. D.$cUniversity of Alberta$d1971.
=504  \\$aIncludes bibliographical references (pages 126-137).
=650  \0$aFomes igniarius$xDevelopment.
=650  \0$aMycelium.
=710  2\$aUniversity of Alberta.$bDepartment of Botany.
=900  \\$aNK08122
=949  \\$zUAIN$zETHESIS

