=LDR  01319ntm a2200325Ii 4500
=001  uab09276052
=003  UAB
=005  20141007140455.0
=006  m|||||o||d||||||||
=007  cr||||||||||||
=008  141007t19721972xx\a\\\\obm\\\000\0\eng\d
=040  \\$aUAB$beng$erda$cUAB
=050  \4$aQK629.C783$bE39 1972
=090  \\$aInternet Access$bAEU
=100  1\$aEdwards, Roger Gerald William,$eauthor.
=245  12$aA biosystematic study of Coriolus hirsutus (Fries) Qulet and Coriolus pubescens (Fries) Qulet /$cby Roger Gerald William Edwards.
=264  \1$c[1972]
=264  \4$c1972
=300  \\$a1 online resource (xxiii, 198 pages) :$billustrations
=336  \\$atext$btxt$2rdacontent
=337  \\$acomputer$bc$2rdamedia
=338  \\$aonline resource$bcr$2rdacarrier
=500  \\$a"A thesis submitted to the Faculty of Graduate Studies and Research in partial fulfilment of the requirements for the degree of Doctor of Philosophy, Department of Botany."
=502  \\$bPh. D.$cUniversity of Alberta$d1972.
=504  \\$aIncludes bibliographical references (pages 169-177).
=590  \\$aLibrary copy imperfect: pages facing pages 30-34, 123-124 scanned twice.
=650  \0$aCoriolus.
=650  \0$aTrametes (Polyporaceae)
=710  2\$aUniversity of Alberta.$bDepartment of Botany.
=900  \\$aNK13356
=949  \\$zUAIN$zETHESIS

