=LDR  01154ntm a2200301Ii 4500
=001  uab09274594
=003  UAB
=005  20141001194021.0
=006  m|||||o||d||||||||
=007  cr||||||||||||
=008  141001t19691969xx\adf\\obm\\\000\0\eng\d
=040  \\$aUAB$beng$erda$cUAB
=050  \4$aRM267$b.J64 1969
=090  \\$aInternet Access$bAEU
=100  1\$aJohri, Bhavdish Narain,$eauthor.
=245  10$aCyathin, a previously unknown antibiotic complex /$cby Bhavdish Narain Johri.
=264  \1$c[1969]
=264  \4$c1969
=300  \\$a1 online resource (xii, 146 pages, 32 pages of plates) :$billustrations
=336  \\$atext$btxt$2rdacontent
=337  \\$acomputer$bc$2rdamedia
=338  \\$aonline resource$bcr$2rdacarrier
=500  \\$a"A thesis submitted to the Faculty of Graduate Studies and Research in partial fulfilment of the requirements for the degree of Doctor of Philosophy, Department of Botany."
=502  \\$bPh. D.$cUniversity of Alberta$d1969.
=504  \\$aIncludes bibliographical references (pages 135-140).
=650  \0$aAnti-infective agents.
=710  2\$aUniversity of Alberta.$bDepartment of Botany.
=900  \\$aNK04941
=949  \\$zUAIN$zETHESIS

