=LDR  01225ntm a2200313Ii 4500
=001  uab09274609
=003  UAB
=005  20141001203136.0
=006  m|||||o||d||||||||
=007  cr||||||||||||
=008  141001t19691969xx\ad\\\obm\\\000\0\eng\d
=040  \\$aUAB$beng$erda$cUAB
=050  \4$aQK626$b.S73 1969
=090  \\$aInternet Access$bAEU
=100  1\$aStates, Jack Sterling,$eauthor.
=245  10$aSome aspects of basidiocarp morphogenesis in Gloeophyllum (Lenzites) saepiarium (Wulf.) Karsten, a xerophytic polypore /$cby Jack Sterling States.
=264  \1$c[1969]
=264  \4$c1969
=300  \\$a1 online resource (xiii, 174 pages) :$billustrations
=336  \\$atext$btxt$2rdacontent
=337  \\$acomputer$bc$2rdamedia
=338  \\$aonline resource$bcr$2rdacarrier
=500  \\$a"A thesis submitted to the Faculty of Graduate Studies and Research in partial fulfilment of the requirements for the degree of Doctor of Philosophy, Department of Botany."
=502  \\$bPh. D.$cUniversity of Alberta$d1969.
=504  \\$aIncludes bibliographical references (pages 160-168).
=650  \0$aBasidiocarps.
=650  \0$aMorphogenesis.
=710  2\$aUniversity of Alberta.$bDepartment of Botany.
=900  \\$aNK04979
=949  \\$zUAIN$zETHESIS

