=LDR  01242ntm a2200313Ii 4500
=001  uab09276586
=003  UAB
=005  20141008180321.0
=006  m|||||o||d||||||||
=007  cr||||||||||||
=008  141008t19731973xx\ad\\\obm\\\000\0\eng\d
=040  \\$aUAB$beng$erda$cUAB
=050  \4$aQH96.8.P43$bO94 1973
=090  \\$aInternet Access$bAEU
=100  1\$aOwen, Bradford B.,$eauthor.
=245  14$aThe effects of increased temperatures on periphyton communities of artificial stream channels /$cby Bradford B. Owen, Jr.
=264  \1$c[1973]
=264  \4$c1973
=300  \\$a1 online resource ([xv], 221 pages) :$billustrations
=336  \\$atext$btxt$2rdacontent
=337  \\$acomputer$bc$2rdamedia
=338  \\$aonline resource$bcr$2rdacarrier
=500  \\$a"A thesis submitted to the Faculty of Graduate Studies and Research in partial fulfilment of the requirements for the degree of Doctor of Philosophy, Department of Botany."
=502  \\$bPh. D.$cUniversity of Alberta$d1973.
=504  \\$aIncludes bibliographical references (pages 189-195).
=650  \0$aPeriphyton$xEffect of temperature on.
=650  \0$aChannels (Hydraulic engineering)
=710  2\$aUniversity of Alberta.$bDepartment of Botany.
=900  \\$aNK15298
=949  \\$zUAIN$zETHESIS

