=LDR  01195ntm a2200301Ii 4500
=001  uab09275273
=003  UAB
=005  20141003141527.0
=006  m|||||o||d||||||||
=007  cr||||||||||||
=008  141003t19701970xx\adf\\obm\\\000\0\eng\d
=040  \\$aUAB$beng$erda$cUAB
=050  \4$aQK629.P7$bL37 1970
=090  \\$aInternet Access$bAEU
=100  1\$aLarcade, Richard Joseph,$eauthor.
=245  10$aDevelopment of Polyporus adustus Fries and the influence of the microenvironment /$cby Richard Joseph Larcade.
=264  \1$c[1970]
=264  \4$c1970
=300  \\$a1 online resource (xiii, 155 pages, [22] leaves of plates) :$billustrations
=336  \\$atext$btxt$2rdacontent
=337  \\$acomputer$bc$2rdamedia
=338  \\$aonline resource$bcr$2rdacarrier
=500  \\$a"A thesis submitted to the Faculty of Graduate Studies and Research in partial fulfilment of the requirements for the degree of Doctor of Philosophy, Department of Botany."
=502  \\$bPh. D.$cUniversity of Alberta$d1970.
=504  \\$aIncludes bibliographical references (pages 138-148).
=650  \0$aPolyporus$xDevelopment.
=710  2\$aUniversity of Alberta.$bDepartment of Botany.
=900  \\$aNK06730
=949  \\$zUAIN$zETHESIS

