=LDR  01209ntm a2200313Ii 4500
=001  uab09277252
=003  UAB
=005  20141010093558.0
=006  m|||||o||d||||||||
=007  cr||||||||||||
=008  141010t19731973xx\ad\\\obm\\\000\0\eng\d
=040  \\$aUAB$beng$erda$cUAB
=050  \4$aQH603.M5$bC53 1973
=090  \\$aInternet Access$bAEU
=100  1\$aClandinin, Michael T.,$d1949-$eauthor.
=245  10$aOne carbon metabolism in isolated pea mitochondria /$cby Michael Thomas Clandinin.
=264  \1$c[1973]
=264  \4$c1973
=300  \\$a1 online resource (<xiv, 104 [i.e., 107] pages>) :$billustrations
=336  \\$atext$btxt$2rdacontent
=337  \\$acomputer$bc$2rdamedia
=338  \\$aonline resource$bcr$2rdacarrier
=500  \\$a"A thesis submitted to the Faculty of Graduate Studies and Research in partial fulfilment of the requirements for the degree of Doctor of Philosophy in Plant Biochemistry, Department of Botany."
=502  \\$bPh. D.$cUniversity of Alberta$d1973.
=504  \\$aIncludes bibliographical references (pages 92-104).
=650  \0$aMitochondria.
=650  \0$aCarbon$xMetabolism.
=710  2\$aUniversity of Alberta.$bDepartment of Botany.
=900  \\$aNK17478
=949  \\$zUAIN$zETHESIS

