=LDR  01366ntm a2200349Ii 4500
=001  uab09277360
=003  UAB
=005  20141010133943.0
=006  m|||||o||d||||||||
=007  cr||||||||||||
=008  141010t19751975xx\\\\\\obm\\\000\0\eng\d
=040  \\$aUAB$beng$erda$cUAB
=050  \4$aQD412.H6$bF35 1975
=090  \\$aInternet Access$bAEU
=100  1\$aFairhurst, Mary Teresa,$eauthor.
=245  10$aNuclear magnetic resonance studies of the solution chemistry of methylmercury and the acid-base chemistry of amino acids /$cby Mary Teresa Fairhurst.
=264  \1$c[1975]
=264  \4$c1975
=300  \\$a1 online resource (xviii, 164 pages)
=336  \\$atext$btxt$2rdacontent
=337  \\$acomputer$bc$2rdamedia
=338  \\$aonline resource$bcr$2rdacarrier
=500  \\$a"A thesis submitted to the Faculty of Graduate Studies and Research in partial fulfilment of the requirements for the degree of Doctor of Philosophy, Department of Chemistry."
=502  \\$bPh. D.$cUniversity of Alberta$d1975.
=504  \\$aIncludes bibliographical references (pages 190-191).
=590  \\$aLibrary copy imperfect: pagination out of order.
=650  \0$aMethylmercury.
=650  \0$aAcid-base chemistry.
=650  \0$aAmino acids.
=650  \0$aNuclear magnetic resonance.
=710  2\$aUniversity of Alberta.$bDepartment of Chemistry.
=900  \\$aNK24026
=949  \\$zUAIN$zETHESIS

