=LDR  01280ntm a2200349Ii 4500
=001  uab09277357
=003  UAB
=005  20141010132535.0
=006  m|||||o||d||||||||
=007  cr||||||||||||
=008  141010t19751975xx\ad\\\obm\\\000\0\eng\d
=040  \\$aUAB$beng$erda$cUAB
=050  \4$aQD96.M3$bD38 1975
=090  \\$aInternet Access$bAEU
=100  1\$aDavidson, William Robert,$eauthor.
=245  10$aMass spectrometric studies of alkali ion complexes in the gas phase /$cby William Robert Davidson.
=264  \1$c[1975]
=264  \4$c1975
=300  \\$a1 online resource (xx, 313 pages) :$billustrations
=336  \\$atext$btxt$2rdacontent
=337  \\$acomputer$bc$2rdamedia
=338  \\$aonline resource$bcr$2rdacarrier
=500  \\$a"A thesis submitted to the Faculty of Graduate Studies and Research in partial fulfilment of the requirements for the degree of Doctor of Philosophy, Department of Chemistry."
=502  \\$bPh. D.$cUniversity of Alberta$d1975.
=504  \\$aIncludes bibliographical references (pages 302-313).
=650  \0$aMass spectrometry.
=650  \0$aSodium ions.
=650  \0$aPotassium ions.
=650  \0$aCesium ions.
=650  \0$aRubidium ions.
=710  2\$aUniversity of Alberta.$bDepartment of Chemistry.
=900  \\$aNK24006
=949  \\$zUAIN$zETHESIS

