=LDR  01172ntm a2200313Ii 4500
=001  uab09276177
=003  UAB
=005  20141007174218.0
=006  m|||||o||d||||||||
=007  cr||||||||||||
=008  141007t19721972xx\ad\\\obm\\\000\0\eng\d
=040  \\$aUAB$beng$erda$cUAB
=050  \4$aQD181.C1$bK46 1972
=090  \\$aInternet Access$bAEU
=100  1\$aKennepohl, G. J.,$eauthor.
=245  10$aFormation and reaction of monovalent carbon intermediates /$cby Gerhard J.A. Kennepohl.
=264  \1$c[1972]
=264  \4$c1972
=300  \\$a1 online resource (xi, 163 pages) :$billustrations
=336  \\$atext$btxt$2rdacontent
=337  \\$acomputer$bc$2rdamedia
=338  \\$aonline resource$bcr$2rdacarrier
=500  \\$a"A thesis submitted to the Faculty of Graduate Studies and Research in partial fulfilment of the requirements for the degree of Doctor of Philosophy, Department of Chemistry."
=502  \\$bPh. D.$cUniversity of Alberta$d1972.
=504  \\$aIncludes bibliographical references (pages 148-155).
=650  \0$aCarbon compounds.
=650  \0$aPhotochemistry.
=710  2\$aUniversity of Alberta.$bDepartment of Chemistry.
=900  \\$aNK13433
=949  \\$zUAIN$zETHESIS

