=LDR  01127ntm a2200301Ii 4500
=001  uab09277351
=003  UAB
=005  20141010131201.0
=006  m|||||o||d||||||||
=007  cr||||||||||||
=008  141010t19751975xx\ad\\\obm\\\000\0\eng\d
=040  \\$aUAB$beng$erda$cUAB
=050  \4$aQP364.7$b.B47 1975
=090  \\$aInternet Access$bAEU
=100  1\$aBernhardt, Julius,$eauthor.
=245  12$aA theoretical study of cholinergic action /$cby Julius Bernhardt.
=264  \1$c[1975]
=264  \4$c1975
=300  \\$a1 online resource (viii, 150 pages) :$billustrations
=336  \\$atext$btxt$2rdacontent
=337  \\$acomputer$bc$2rdamedia
=338  \\$aonline resource$bcr$2rdacarrier
=500  \\$a"A thesis submitted to the Faculty of Graduate Studies and Research in partial fulfilment of the requirements for the degree of Doctor of Philosophy, Department of Chemistry."
=502  \\$bPh. D.$cUniversity of Alberta$d1975.
=504  \\$aIncludes bibliographical references (pages 142-150).
=650  \0$aCholinergic mechanisms.
=710  2\$aUniversity of Alberta.$bDepartment of Chemistry.
=900  \\$aNK23986
=949  \\$zUAIN$zETHESIS

