=LDR  01221ntm a2200313Ii 4500
=001  uab09274663
=003  UAB
=005  20141002052348.0
=006  m|||||o||d||||||||
=007  cr||||||||||||
=008  141002t19691969xx\ad\\\obm\\\000\0\eng\d
=040  \\$aUAB$beng$erda$cUAB
=050  \4$aQD305.A9$bA47 1969
=090  \\$aInternet Access$bAEU
=100  1\$aAl-Sader, Basil Hashim,$eauthor.
=245  10$aSecondary deuterium kinetic isotope effects in the thermolysis of AZO compounds /$cby Basil Hashim Al-Sader.
=264  \1$c[1969]
=264  \4$c1969
=300  \\$a1 online resource (xi, 155 pages) :$billustrations
=336  \\$atext$btxt$2rdacontent
=337  \\$acomputer$bc$2rdamedia
=338  \\$aonline resource$bcr$2rdacarrier
=500  \\$a"A thesis submitted to the Faculty of Graduate Studies and Research in partial fulfilment of the requirements for the degree of Doctor of Philosophy, Department of Chemistry."
=502  \\$bPh. D.$cUniversity of Alberta$d1969.
=504  \\$aIncludes bibliographical references (pages 146-154).
=650  \0$aAzo compounds$xThermal properties.
=650  \0$aDeuterium$xIsotopes.
=710  2\$aUniversity of Alberta.$bDepartment of Chemistry.
=900  \\$aNK04912
=949  \\$zUAIN$zETHESIS

