=LDR  01250ntm a2200301Ii 4500
=001  uab09274930
=003  UAB
=005  20141002052348.0
=006  m|||||o||d||||||||
=007  cr||||||||||||
=008  141002t19691969xx\ad\\\om\\\\000\0\eng\d
=040  \\$aUAB$beng$erda$cUAB
=050  \4$aQD561$b.A77 1969
=090  \\$aInternet Access$bAEU
=100  1\$aArshadi, Mohammed Reza,$eauthor.
=245  10$aMass spectrometric investigation of gas phase hydration equilibria involving (a) Hydration of the halide negative ions (b) Hydration of the hydroxide, nitrogen dioxide and oxygen negative ions (c) Hydration of the proton /$cby Mohammed Reza Arshadi.
=264  \1$c[1969]
=264  \4$c1969
=300  \\$a1 online resource (xii, 114 pages) :$billustrations
=336  \\$atext$btxt$2rdacontent
=337  \\$acomputer$bc$2rdamedia
=338  \\$aonline resource$bcr$2rdacarrier
=500  \\$a"A thesis submitted to the Faculty of Graduate Studies and Research in partial fulfilment of the requirements for the degree of Doctor of Philosophy, Department of Chemistry."
=502  \\$bPh. D.$cUniversity of Alberta$d1969.
=650  \0$aAnions.
=650  \0$aIons.
=710  2\$aUniversity of Alberta.$bDepartment of Chemistry.
=900  \\$aNK04916
=949  \\$zUAIN$zETHESIS

