=LDR  01262ntm a2200313Ii 4500
=001  uab09274926
=003  UAB
=005  20141002052348.0
=006  m|||||o||d||||||||
=007  cr||||||||||||
=008  141002t19691969xx\ad\\\obm\\\000\0\eng\d
=040  \\$aUAB$beng$erda$cUAB
=050  \4$aQD96.N8$bA54 1969
=090  \\$aInternet Access$bAEU
=100  1\$aAngerman, Neil Stanley,$eauthor.
=245  10$aNuclear magnetic resonance and electron paramagnetic resonance line width studies in inorganic systems /$cby Neil Stanley Angerman.
=264  \1$c[1969]
=264  \4$c1969
=300  \\$a1 online resource (xxi, 273 pages) :$billustrations
=336  \\$atext$btxt$2rdacontent
=337  \\$acomputer$bc$2rdamedia
=338  \\$aonline resource$bcr$2rdacarrier
=500  \\$a"A thesis submitted to the Faculty of Graduate Studies and Research in partial fulfilment of the requirements for the degree of Doctor of Philosophy, Department of Chemistry."
=502  \\$bPh. D.$cUniversity of Alberta$d1969.
=504  \\$aIncludes bibliographical references (pages 203-210).
=650  \0$aNuclear magnetic resonance spectroscopy.
=650  \0$aElectron paramagnetic resonance.
=710  2\$aUniversity of Alberta.$bDepartment of Chemistry.
=900  \\$aNK04915
=949  \\$zUAIN$zETHESIS

