=LDR  01180ntm a2200313Ii 4500
=001  uab09276527
=003  UAB
=005  20141004091536.0
=006  m|||||o||d||||||||
=007  cr||||||||||||
=008  141004t19721972xx\ad\\\obm\\\000\0\eng\d
=040  \\$aUAB$beng$erda$cUAB
=050  \4$aQD305.N8$bN4 1972
=090  \\$aInternet Access$bAEU
=100  1\$aNg, Eric Kwong-Sun,$eauthor.
=245  10$aSpectroscopic studies of nitroso compounds and of triaryl carbonium ions /$cby Eric Kwong-Sun Ng.
=264  \1$c[1972]
=264  \4$c1972
=300  \\$a1 online resource (159 pages) :$billustrations
=336  \\$atext$btxt$2rdacontent
=337  \\$acomputer$bc$2rdamedia
=338  \\$aonline resource$bcr$2rdacarrier
=500  \\$a"A thesis submitted to the Faculty of Graduate Studies and Research in partial fulfilment of the requirements for the degree of Doctor of Philosophy, Department of Chemistry."
=502  \\$bPh. D.$cUniversity of Alberta$d1964.
=504  \\$aIncludes bibliographical references (pages 155-159).
=650  \0$aNitroso compounds.
=650  \0$aCarbonium ions.
=710  2\$aUniversity of Alberta.$bDepartment of Chemistry.
=900  \\$aNK10554
=949  \\$zUAIN$zETHESIS

