=LDR  01184ntm a2200313Ii 4500
=001  uab09275051
=003  UAB
=005  20141002201001.0
=006  m|||||o||d||||||||
=007  cr||||||||||||
=008  141002t19701970xx\ad\\\obm\\\000\0\eng\d
=040  \\$aUAB$beng$erda$cUAB
=050  \4$aQD305.S83$bA76 1970
=090  \\$aInternet Access$bAEU
=100  1\$aArmour, M. A.$q(Margaret-Ann),$eauthor.
=245  10$aOxygen-18 scrambling in the rearrangement of allylic arenesulfinates /$cby Margaret-Ann Armour.
=264  \1$c[1970]
=264  \4$c1970
=300  \\$a1 online resource (223 pages) :$billustrations
=336  \\$atext$btxt$2rdacontent
=337  \\$acomputer$bc$2rdamedia
=338  \\$aonline resource$bcr$2rdacarrier
=500  \\$a"A thesis submitted to the Faculty of Graduate Studies and Research in partial fulfilment of the requirements for the degree of Doctor of Philosophy, Department of Chemistry."
=502  \\$bPh. D.$cUniversity of Alberta$d1970.
=504  \\$aIncludes bibliographical references (pages 219-223).
=650  \0$aSulfones.
=650  \0$aOxygen$xIsotopes.
=710  2\$aUniversity of Alberta.$bDepartment of Chemistry.
=900  \\$aNK06685
=949  \\$zUAIN$zETHESIS

