=LDR  01284ntm a2200313Ii 4500
=001  uab09277152
=003  UAB
=005  20141009182917.0
=006  m|||||o||d||||||||
=007  cr||||||||||||
=008  141009t19741974xx\a\\\\obm\\\000\0\eng\d
=040  \\$aUAB$beng$erda$cUAB
=050  \4$aQD281.B7$bR69 1974
=090  \\$aInternet Access$bAEU
=100  1\$aRowe, Jeffrey Edward,$eauthor.
=245  10$aStudies on bromination and iodination.$n1,$pThe free radical bromination of alkyl halides.$n2,$pThe reaction of tert-butyl hypochlorite with iodine and with selected metal iodides /$cby Jeffrey Edward Rowe.
=264  \1$c[1974]
=264  \4$c1974
=300  \\$a1 online resource ([x], 155 pages) :$billustrations
=336  \\$atext$btxt$2rdacontent
=337  \\$acomputer$bc$2rdamedia
=338  \\$aonline resource$bcr$2rdacarrier
=500  \\$a"A thesis submitted to the Faculty of Graduate Studies and Research in partial fulfilment of the requirements for the degree of Doctor of Philosophy, Department of Chemistry."
=502  \\$bPh. D.$cUniversity of Alberta$d1974.
=504  \\$aIncludes bibliographical references (pages 141-150).
=650  \0$aBromination.
=650  \0$aBromine.
=710  2\$aUniversity of Alberta.$bDepartment of Chemistry.
=900  \\$aNK21097
=949  \\$zUAIN$zETHESIS

