=LDR  01134ntm a2200313Ii 4500
=001  uab09277296
=003  UAB
=005  20141009204927.0
=006  m|||||o||d||||||||
=007  cr||||||||||||
=008  141009t19751975xx\a\\\\obm\\\000\0\eng\d
=040  \\$aUAB$beng$erda$cUAB
=050  \4$aQP801.A34$bD39 1975
=090  \\$aInternet Access$bAEU
=100  1\$aDawe, Robin,$eauthor.
=245  10$aTowards the synthesis of coccinellin and luciduline /$cby Robin Dawe.
=264  \1$c[1975]
=264  \4$c1975
=300  \\$a1 online resource (viii, 183 pages) :$billustrations
=336  \\$atext$btxt$2rdacontent
=337  \\$acomputer$bc$2rdamedia
=338  \\$aonline resource$bcr$2rdacarrier
=500  \\$a"A thesis submitted to the Faculty of Graduate Studies and Research in partial fulfilment of the requirements for the degree of Doctor of Philosophy, Department of Chemistry."
=502  \\$bPh. D.$cUniversity of Alberta$d1974.
=504  \\$aIncludes bibliographical references.
=650  \0$aAlkaloids$xSynthesis.
=650  \0$aLadybugs.
=710  2\$aUniversity of Alberta.$bDepartment of Chemistry.
=900  \\$aNK21798
=949  \\$zUAIN$zETHESIS

