=LDR  01207ntm a2200325Ii 4500
=001  uab09277271
=003  UAB
=005  20141009204927.0
=006  m|||||o||d||||||||
=007  cr||||||||||||
=008  141009t19741974xx\ad\\\obm\\\000\0\eng\d
=040  \\$aUAB$beng$erda$cUAB
=050  \4$aQC793.E62$bB65 1974
=090  \\$aInternet Access$bAEU
=100  1\$aBolton, Gerald Lloyd,$eauthor.
=245  14$aThe reactivity of electrons solvated in methanol and ethanol /$cby Gerald Lloyd Bolton.
=264  \1$c[1974]
=264  \4$c1974
=300  \\$a1 online resource (xxiii, 351 pages) :$billustrations
=336  \\$atext$btxt$2rdacontent
=337  \\$acomputer$bc$2rdamedia
=338  \\$aonline resource$bcr$2rdacarrier
=500  \\$a"A thesis submitted to the Faculty of Graduate Studies and Research in partial fulfilment of the requirements for the degree of Doctor of Philosophy, Department of Chemistry."
=502  \\$bPh. D.$cUniversity of Alberta$d1974.
=504  \\$aIncludes bibliographical references (pages 333-351).
=650  \0$aElectrons.
=650  \0$aReactivity (Chemistry)
=650  \0$aSolvation.
=710  2\$aUniversity of Alberta.$bDepartment of Chemistry.
=900  \\$aNK21766
=949  \\$zUAIN$zETHESIS

