=LDR  01255ntm a2200325Ii 4500
=001  uab09277370
=003  UAB
=005  20141009204927.0
=006  m|||||o||d||||||||
=007  cr||||||||||||
=008  141009t19741974xx\ad\\\obm\\\000\0\eng\d
=040  \\$aUAB$beng$erda$cUAB
=050  \4$aQD411.8.T73$bI83 1974
=090  \\$aInternet Access$bAEU
=100  1\$aIsaacs, Ezra Eddy,$eauthor.
=245  10$aSome aspects of the organometallic chemistry of the group VI transition metals /$cby Ezra Eddy Isaacs.
=264  \1$c[1974]
=264  \4$c1974
=300  \\$a1 online resource (xviii, 235 pages) :$billustrations
=336  \\$atext$btxt$2rdacontent
=337  \\$acomputer$bc$2rdamedia
=338  \\$aonline resource$bcr$2rdacarrier
=500  \\$a"A thesis submitted to the Faculty of Graduate Studies and Research in partial fulfilment of the requirements for the degree of Doctor of Philosophy, Department of Chemistry."
=502  \\$bPh. D.$cUniversity of Alberta$d1974.
=504  \\$aIncludes bibliographical references (pages 224-235).
=650  \0$aOrganotransition metal compounds.
=650  \0$aOrganometallic chemistry.
=650  \0$aTransition metals.
=710  2\$aUniversity of Alberta.$bDepartment of Chemistry.
=900  \\$aNK21852
=949  \\$zUAIN$zETHESIS

