=LDR  01244ntm a2200325Ii 4500
=001  uab09274464
=003  UAB
=005  20141001151548.0
=006  m|||||o||d||||||||
=007  cr||||||||||||
=008  141001t19681968xx\ad\\\obm\\\000\0\eng\d
=040  \\$aUAB$beng$erda$cUAB
=050  \4$aQD169.W3$bB87 1968
=090  \\$aInternet Access$bAEU
=100  1\$aBurns, Noel M.,$eauthor.
=245  14$aThe effect of temperature and varying salt concentration on the structure of water /$cby Noel Michael Burns.
=264  \1$c[1968]
=264  \4$c1968
=300  \\$a1 online resource (xii, 138 pages) :$billustrations
=336  \\$atext$btxt$2rdacontent
=337  \\$acomputer$bc$2rdamedia
=338  \\$aonline resource$bcr$2rdacarrier
=500  \\$a"A thesis submitted to the Faculty of Graduate Studies and Research in partial fulfilment of the requirements for the degree of Doctor of Philosophy, Department of Chemistry."
=502  \\$bPh. D.$cUniversity of Alberta$d1968.
=504  \\$aIncludes bibliographical references (pages 134-138).
=650  \0$aWater$xEffect of temperature on.
=650  \0$aWater$xEffect of salt on.
=650  \0$aHydrology.
=710  2\$aUniversity of Alberta.$bDepartment of Chemistry.
=900  \\$aNK03455
=949  \\$zUAIN$zETHESIS

