=LDR  01221ntm a2200325Ii 4500
=001  uab09274532
=003  UAB
=005  20141001164540.0
=006  m|||||o||d||||||||
=007  cr||||||||||||
=008  141001t19681968xx\ad\\\obm\\\000\0\eng\d
=040  \\$aUAB$beng$erda$cUAB
=050  \4$aQD716.F54$bS67 1968
=090  \\$aInternet Access$bAEU
=100  1\$aSorgo, Miksa de,$eauthor.
=245  14$aThe flash photolysis of sulfur systems /$cby Miksa de Sorgo.
=264  \1$c[1968]
=264  \4$c1968
=300  \\$a1 online resource (xv, 186 [i.e., 187] pages) :$billustrations
=336  \\$atext$btxt$2rdacontent
=337  \\$acomputer$bc$2rdamedia
=338  \\$aonline resource$bcr$2rdacarrier
=500  \\$a"A thesis submitted to the Faculty of Graduate Studies and Research in partial fulfilment of the requirements for the degree of Doctor of Philosophy, Department of Chemistry."
=502  \\$bPh. D.$cUniversity of Alberta$d1968.
=504  \\$aIncludes bibliographical references (pages 182-185).
=590  \\$aLibrary copy imperfect: 13 illustrations scanned twice.
=650  \0$aFlash photolysis.
=650  \0$aSulfur.
=710  2\$aUniversity of Alberta.$bDepartment of Chemistry.
=900  \\$aNK03834
=949  \\$zUAIN$zETHESIS

