=LDR  01200ntm a2200313Ii 4500
=001  uab09277638
=003  UAB
=005  20141013062259.0
=006  m|||||o||d||||||||
=007  cr||||||||||||
=008  141013t19751975xx\ad\\\obm\\\000\0\eng\d
=040  \\$aUAB$beng$erda$cUAB
=050  \4$aQD305.H6$bP33 1975
=090  \\$aInternet Access$bAEU
=100  1\$aPace, Tony,$eauthor.
=245  12$aA study of the vapour and liquid phase brominations of alkanes and electronegatively substituted alkanes /$cby Tony Pace.
=264  \1$c[1975]
=264  \4$c1975
=300  \\$a1 online resource (xvii, 239 pages) :$billustrations
=336  \\$atext$btxt$2rdacontent
=337  \\$acomputer$bc$2rdamedia
=338  \\$aonline resource$bcr$2rdacarrier
=500  \\$a"A thesis submitted to the Faculty of Graduate Studies and Research in partial fulfilment of the requirements for the degree of Doctor of Philosophy, Department of Chemistry."
=502  \\$bPh. D.$cUniversity of Alberta$d1975.
=504  \\$aIncludes bibliographical references (pages 212-219).
=650  \0$aAlkanes$xAnalysis.
=650  \0$aBromination.
=710  2\$aUniversity of Alberta.$bDepartment of Chemistry.
=900  \\$aNK26879
=949  \\$zUAIN$zETHESIS

