=LDR  01223ntm a2200337Ii 4500
=001  uab09277642
=003  UAB
=005  20141013062259.0
=006  m|||||o||d||||||||
=007  cr||||||||||||
=008  141013t19751975xx\a\\\\obm\\\000\0\eng\d
=040  \\$aUAB$beng$erda$cUAB
=050  \4$aQD481$b.R86 1975
=090  \\$aInternet Access$bAEU
=100  1\$aRuo, Tomoki Chih-Shih,$eauthor.
=245  10$aFree radical bromination of several chiral molecules /$cby Tomoki Chih-Shih Ruo.
=264  \1$c[1975]
=264  \4$c1975
=300  \\$a1 online resource (xiii, 159 pages) :$billustrations
=336  \\$atext$btxt$2rdacontent
=337  \\$acomputer$bc$2rdamedia
=338  \\$aonline resource$bcr$2rdacarrier
=500  \\$a"A thesis submitted to the Faculty of Graduate Studies and Research in partial fulfilment of the requirements for the degree of Doctor of Philosophy, Department of Chemistry."
=502  \\$bPh. D.$cUniversity of Alberta$d1975.
=504  \\$aIncludes bibliographical references (pages 143-150).
=650  \0$aChirality.
=650  \0$aStereochemistry.
=650  \0$aBromination.
=650  \0$aBiomolecules.
=710  2\$aUniversity of Alberta.$bDepartment of Chemistry.
=900  \\$aNK26906
=949  \\$zUAIN$zETHESIS

