=LDR  01202ntm a2200313Ii 4500
=001  uab09277181
=003  UAB
=005  20141009193047.0
=006  m|||||o||d||||||||
=007  cr||||||||||||
=008  141009t19741974xx\ad\\\obm\\\000\0\eng\d
=040  \\$aUAB$beng$erda$cUAB
=050  \4$aQD501$b.L88 1974
=090  \\$aInternet Access$bAEU
=100  1\$aLutzer, Harry,$eauthor.
=245  10$aStudies on the mode of decomposition of some alkyl chlorosulfites and tert-butyl peresters /$cby Harry Lutzer.
=264  \1$c[1974]
=264  \4$c1974
=300  \\$a1 online resource (xv, 214 pages) :$billustrations
=336  \\$atext$btxt$2rdacontent
=337  \\$acomputer$bc$2rdamedia
=338  \\$aonline resource$bcr$2rdacarrier
=500  \\$a"A thesis submitted to the Faculty of Graduate Studies and Research in partial fulfilment of the requirements for the degree of Doctor of Philosophy, Department of Chemistry."
=502  \\$bPh. D.$cUniversity of Alberta$d1974.
=504  \\$aIncludes bibliographical references (pages 211-214).
=650  \0$aDecomposition (Chemistry)
=650  \0$aChemical reactions.
=710  2\$aUniversity of Alberta.$bDepartment of Chemistry.
=900  \\$aNK21057
=949  \\$zUAIN$zETHESIS

