=LDR  01361ntm a2200361Ii 4500
=001  uab09274940
=003  UAB
=005  20141002161749.0
=006  m|||||o||d||||||||
=007  cr||||||||||||
=008  141002t19691969xx\adf\\obm\\\000\0\eng\d
=040  \\$aUAB$beng$erda$cUAB
=050  \4$aQD305.A4$bJ43 1969
=090  \\$aInternet Access$bAEU
=100  1\$aJha, Kamal Nath,$eauthor.
=245  10$aKinetics of solvated electron reactions during radiolysis of liquid alcohols /$cby Kamal Nath Jha.
=264  \1$c[1969]
=264  \4$c1969
=300  \\$a1 online resource (xiv, 187 pages, [29] leaves of plates) :$billustrations
=336  \\$atext$btxt$2rdacontent
=337  \\$acomputer$bc$2rdamedia
=338  \\$aonline resource$bcr$2rdacarrier
=500  \\$a"A thesis submitted to the Faculty of Graduate Studies and Research in partial fulfilment of the requirements for the degree of Doctor of Philosophy, Department of Chemistry."
=502  \\$bPh. D.$cUniversity of Alberta$d1969.
=504  \\$aIncludes bibliographical references (pages 173-182).
=590  \\$aLibrary copy imperfect: pages 59, 181 scanned twice.
=650  \0$aAlcohols.
=650  \0$aRadiation chemistry.
=650  \0$aChemical kinetics.
=650  \0$aSolvation.
=650  \0$aElectrons.
=710  2\$aUniversity of Alberta.$bDepartment of Chemistry.
=900  \\$aNK03852
=949  \\$zUAIN$zETHESIS

