=LDR  01251ntm a2200313Ii 4500
=001  uab09277646
=003  UAB
=005  20141013062259.0
=006  m|||||o||d||||||||
=007  cr||||||||||||
=008  141013t19751975xx\ad\\\obm\\\000\0\eng\d
=040  \\$aUAB$beng$erda$cUAB
=050  \4$aQD421$b.S56 1975
=090  \\$aInternet Access$bAEU
=100  1\$aSinger, Peter,$eauthor.
=245  10$a1. Structural studies on some lycopodium alkaloids II. An investigation of the swimming response of the sea anemone stomphia coccinea to certain starfish /$cby Peter Singer.
=264  \1$c[1975]
=264  \4$c1975
=300  \\$a1 online resource (xiii, 150 pages) :$billustrations
=336  \\$atext$btxt$2rdacontent
=337  \\$acomputer$bc$2rdamedia
=338  \\$aonline resource$bcr$2rdacarrier
=500  \\$a"A thesis submitted to the Faculty of Graduate Studies and Research in partial fulfilment of the requirements for the degree of Doctor of Philosophy, Department of Chemistry."
=502  \\$bPh. D.$cUniversity of Alberta$d1975.
=504  \\$aIncludes bibliographical references.
=650  \0$aAlkaloids$xStructure.
=650  \0$aSea anemones$xBehavior.
=710  2\$aUniversity of Alberta.$bDepartment of Chemistry.
=900  \\$aNK26918
=949  \\$zUAIN$zETHESIS

