=LDR  01172ntm a2200313Ii 4500
=001  uab09276748
=003  UAB
=005  20141009080208.0
=006  m|||||o||d||||||||
=007  cr||||||||||||
=008  141009t19711971xx\ad\\\obm\\\000\0\eng\d
=040  \\$aUAB$beng$erda$cUAB
=050  \4$aQD412.P1$bP56 1971
=090  \\$aInternet Access$bAEU
=100  1\$aPinkerton, Andrew Alan,$eauthor.
=245  14$aThe chemistry of some trifluoromethylphosphorus oxides and sulphides /$cby Andrew Alan Pinkerton.
=264  \1$c[1971]
=264  \4$c1971
=300  \\$a1 online resource (ix, 122 pages) :$billustrations
=336  \\$atext$btxt$2rdacontent
=337  \\$acomputer$bc$2rdamedia
=338  \\$aonline resource$bcr$2rdacarrier
=500  \\$a"A thesis submitted to the Faculty of Graduate Studies in partial fulfilment of the requirements for the degree of Doctor of Philosophy, Deparment of Chemistry."
=502  \\$bPh. D.$cUniversity of Alberta$d1971.
=504  \\$aIncludes bibliographical references (pages 119-122).
=650  \0$aPolysulfides.
=650  \0$aPhosphonic acids.
=710  2\$aUniversity of Alberta.$bDepartment of Chemistry.
=900  \\$aNK09631
=949  \\$zUAIN$zETHESIS

