=LDR  01334ntm a2200349Ii 4500
=001  uab09276835
=003  UAB
=005  20141009113610.0
=006  m|||||o||d||||||||
=007  cr||||||||||||
=008  141009t19731973xx\ad\\\obm\\\000\0\eng\d
=040  \\$aUAB$beng$erda$cUAB
=050  \4$aQD553$b.S53 1973
=090  \\$aInternet Access$bAEU
=100  1\$aShafir, Joseph Meyer,$eauthor.
=245  10$aElectrochemistry of the group IIIA and group IVA elements in fused LiCl-KCl eutectic /$cby Joseph Meyer Shafir.
=264  \1$c[1973]
=264  \4$c1973
=300  \\$a1 online resource (viii, 142 pages) :$billustrations
=336  \\$atext$btxt$2rdacontent
=337  \\$acomputer$bc$2rdamedia
=338  \\$aonline resource$bcr$2rdacarrier
=500  \\$a"A thesis submitted to the Faculty of Graduate Studies and Research in partial fulfilment of the requirements for the degree of Doctor of Philosophy, Department of Chemistry."
=502  \\$bPh. D.$cUniversity of Alberta$d1973.
=504  \\$aIncludes bibliographical references (pages 114-117).
=590  \\$aLibrary copy imperfect: pages 99, 100 scanned twice.
=650  \0$aElectrochemistry.
=650  \0$aEutectics.
=650  \0$aLithium chloride.
=650  \0$aPotassium chloride.
=710  2\$aUniversity of Alberta.$bDepartment of Chemistry.
=900  \\$aNK15341
=949  \\$zUAIN$zETHESIS

