=LDR  01174ntm a2200313Ii 4500
=001  uab09276159
=003  UAB
=005  20141007170454.0
=006  m|||||o||d||||||||
=007  cr||||||||||||
=008  141007t19721972xx\a\\\\obm\\\000\0\eng\d
=040  \\$aUAB$beng$erda$cUAB
=050  \4$aQP801.I45$bH69 1972
=090  \\$aInternet Access$bAEU
=100  1\$aHoyano, Yumiko Yasunari,$eauthor.
=245  14$aThe total synthesis of ajmaline /$cby Yumiko Yasunari Hoyano.
=264  \1$c[1972]
=264  \4$c1972
=300  \\$a1 online resource (vii, 132 pages) :$billustrations
=336  \\$atext$btxt$2rdacontent
=337  \\$acomputer$bc$2rdamedia
=338  \\$aonline resource$bcr$2rdacarrier
=500  \\$a"A thesis submitted to the Faculty of Graduate Studies and Research in partial fulfilment of the requirements for the degree of Doctor of Philosophy, Department of Chemistry."
=502  \\$bPh. D.$cUniversity of Alberta$d1972.
=504  \\$aIncludes bibliographical references (pages 126-132).
=650  \0$aIndole alkaloids$xSynthesis.
=650  \0$aMyocardial depressants.
=710  2\$aUniversity of Alberta.$bDepartment of Chemistry.
=900  \\$aNK13418
=949  \\$zUAIN$zETHESIS

