=LDR  01249ntm a2200325Ii 4500
=001  uab09276738
=003  UAB
=005  20141004091536.0
=006  m|||||o||d||||||||
=007  cr||||||||||||
=008  141004t19721972xx\ad\\\obm\\\000\0\eng\d
=040  \\$aUAB$beng$erda$cUAB
=050  \4$aTP692.4.P76$bC36 1972
=090  \\$aInternet Access$bAEU
=100  1\$aCampbell, John Michael,$eauthor.
=245  10$aInteraction of Hg 6([superscript 3]P[subscript 0]) and 6([superscript 3]P[subscript 1]) with paraffins /$cby John Michael Campbell.
=264  \1$c[1972]
=264  \4$c1972
=300  \\$a1 online resource (xii, 177 pages) :$billustrations
=336  \\$atext$btxt$2rdacontent
=337  \\$acomputer$bc$2rdamedia
=338  \\$aonline resource$bcr$2rdacarrier
=500  \\$a"A thesis submitted to the Faculty of Graduate Studies and Research in partial fulfilment of the requirements for the degree of Doctor of Philosophy, Department of Chemistry."
=502  \\$bPh. D.$cUniversity of Alberta$d1972.
=504  \\$aIncludes bibliographical references (pages 148-156).
=650  \0$aPropane.
=650  \0$aNitration.
=650  \0$aRadicals (Chemistry)
=710  2\$aUniversity of Alberta.$bDepartment of Chemistry.
=900  \\$aNK11121
=949  \\$zUAIN$zETHESIS

