=LDR  01251ntm a2200337Ii 4500
=001  uab09275435
=003  UAB
=005  20141003225249.0
=006  m|||||o||d||||||||
=007  cr||||||||||||
=008  141003t19711971xx\a\\\\obm\\\000\0\eng\d
=040  \\$aUAB$beng$erda$cUAB
=050  \4$aQD905.2$b.H88 1971
=090  \\$aInternet Access$bAEU
=100  1\$aHutcheon, Wendy Lou,$eauthor.
=245  10$aHindered rotor programme and some crystallographic structures /$cby Wendy Lou Hutcheon.
=264  \1$c[1971]
=264  \4$c1971
=300  \\$a1 online resource (iii, 147 pages) :$billustrations
=336  \\$atext$btxt$2rdacontent
=337  \\$acomputer$bc$2rdamedia
=338  \\$aonline resource$bcr$2rdacarrier
=500  \\$a"A thesis submitted to the Faculty of Graduate Studies and Research in partial fulfilment of the requirements for the degree of Doctor of Philosophy, Department of Chemistry."
=502  \\$bPh. D.$cUniversity of Alberta$d1971.
=504  \\$aIncludes bibliographical references (pages 130-134).
=650  \0$aCrystallography.
=650  \0$aCrystals$xStructure.
=650  \0$aQuantum chemistry.
=650  \0$aMolecular rotation.
=710  2\$aUniversity of Alberta.$bDepartment of Chemistry.
=900  \\$aNK08085
=949  \\$zUAIN$zETHESIS

