=LDR  01199ntm a2200313Ii 4500
=001  uab09275116
=003  UAB
=005  20141003061339.0
=006  m|||||o||d||||||||
=007  cr||||||||||||
=008  141003t19711971xx\ad\\\obm\\\000\0\eng\d
=040  \\$aUAB$beng$erda$cUAB
=050  \4$aQD453.2$b.G65 1971
=090  \\$aInternet Access$bAEU
=100  1\$aGolinkin, Herbert Sheldon,$eauthor.
=245  10$aPiezochemistry of reactions in solution /$cby Herbert Sheldon Golinkin.
=264  \1$c[1971]
=264  \4$c1971
=300  \\$a1 online resource (xxii, 266, [11] pages) :$billustrations
=336  \\$atext$btxt$2rdacontent
=337  \\$acomputer$bc$2rdamedia
=338  \\$aonline resource$bcr$2rdacarrier
=500  \\$a"A thesis submitted to the Faculty of Graduate Studies and Research in partial fulfilment of the requirements for the degree of Doctor of Philosophy, Department of Chemistry."
=502  \\$bPh. D.$cUniversity of Alberta$d1966.
=504  \\$aIncludes bibliographical references (pages [215]-222).
=650  \0$aChemistry, Physical and theoretical.
=650  \0$aSolution (Chemistry)
=710  2\$aUniversity of Alberta.$bDepartment of Chemistry.
=900  \\$aNK08458
=949  \\$zUAIN$zETHESIS

