=LDR  01201ntm a2200313Ii 4500
=001  uab09276603
=003  UAB
=005  20141008182338.0
=006  m|||||o||d||||||||
=007  cr||||||||||||
=008  141008t19731973xx\a\\\\obm\\\000\0\eng\d
=040  \\$aUAB$beng$erda$cUAB
=050  \4$aQD305.H9$bP87 1973
=090  \\$aInternet Access$bAEU
=100  1\$aPurdham, James Thomas,$eauthor.
=245  10$aCrystal structures of some alicyclic compounds and an iron complex /$cby James Thomas Purdham.
=264  \1$c[1973]
=264  \4$c1973
=300  \\$a1 online resource (x, 203 pages) :$billustrations
=336  \\$atext$btxt$2rdacontent
=337  \\$acomputer$bc$2rdamedia
=338  \\$aonline resource$bcr$2rdacarrier
=500  \\$a"A thesis submitted to the Faculty of Graduate Studies and Research in partial fulfilment of the requirements for the degree of Doctor of Philosophy, Department of Chemistry."
=502  \\$bPh. D.$cUniversity of Alberta$d1973.
=504  \\$aIncludes bibliographical references (pages 194-203).
=650  \0$aAlicyclic compounds.
=650  \0$aCrystallography, Mathematical.
=710  2\$aUniversity of Alberta.$bDepartment of Chemistry.
=900  \\$aNK15313
=949  \\$zUAIN$zETHESIS

