=LDR  01225ntm a2200337Ii 4500
=001  uab09277126
=003  UAB
=005  20141009172354.0
=006  m|||||o||d||||||||
=007  cr||||||||||||
=008  141009t19731973xx\ad\\\obm\\\000\0\eng\d
=040  \\$aUAB$beng$erda$cUAB
=050  \4$aQD305.C3$bC36 1973
=090  \\$aInternet Access$bAEU
=100  1\$aCampbell, Stewart John,$eauthor.
=245  10$aSynthesis and reactions of chiral sulfonium ylids /$cby Stewart John Campbell.
=264  \1$c[1973]
=264  \4$c1973
=300  \\$a1 online resource (xii, 187 pages) :$billustrations
=336  \\$atext$btxt$2rdacontent
=337  \\$acomputer$bc$2rdamedia
=338  \\$aonline resource$bcr$2rdacarrier
=500  \\$a"A thesis submitted to the Faculty of Graduate Studies and Research in partial fulfilment of the requirements for the degree of Doctor of Philosophy, Department of Chemistry."
=502  \\$bPh. D.$cUniversity of Alberta$d1973.
=504  \\$aIncludes bibliographical references (pages 182-187).
=650  \0$aYlides.
=650  \0$aSulfonium compounds.
=650  \0$aChirality.
=650  \0$aOptical isomers.
=710  2\$aUniversity of Alberta.$bDepartment of Chemistry.
=900  \\$aNK17470
=949  \\$zUAIN$zETHESIS

