=LDR  01282ntm a2200337Ii 4500
=001  uab09276898
=003  UAB
=005  20141009121649.0
=006  m|||||o||d||||||||
=007  cr||||||||||||
=008  141009t19731973xx\a\\\\obm\\\000\0\eng\d
=040  \\$aUAB$beng$erda$cUAB
=050  \4$aQD305.N8$bS65 1973
=090  \\$aInternet Access$bAEU
=100  1\$aSmith, John,$eauthor.
=245  10$aSome aspects of heterocyclic, organothallium, and nitrosoalkane chemistry /$cby John Smith.
=264  \1$c[1973]
=264  \4$c1973
=300  \\$a1 online resource (xi, 151 pages) :$billustrations
=336  \\$atext$btxt$2rdacontent
=337  \\$acomputer$bc$2rdamedia
=338  \\$aonline resource$bcr$2rdacarrier
=500  \\$a"A thesis submitted to the Faculty of Graduate Studies and Research in partial fulfilment of the requirements for the degree of Doctor of Philosophy, Department of Chemistry."
=502  \\$bPh. D.$cUniversity of Alberta$d1973.
=504  \\$aIncludes bibliographical references (pages 132-151).
=590  \\$aLibrary copy imperfect: page [iii] scanned twice.
=650  \0$aNitrosation.
=650  \0$aHeterocyclic chemistry.
=650  \0$aOrganothallium compounds.
=710  2\$aUniversity of Alberta.$bDepartment of Chemistry.
=900  \\$aNK15351
=949  \\$zUAIN$zETHESIS

