=LDR  01200ntm a2200313Ii 4500
=001  uab09275226
=003  UAB
=005  20141003120417.0
=006  m|||||o||d||||||||
=007  cr||||||||||||
=008  141003t19701970xx\ad\\\obm\\\000\0\eng\d
=040  \\$aUAB$beng$erda$cUAB
=050  \4$aQD79.C45$bK45 1970
=090  \\$aInternet Access$bAEU
=100  1\$aKelly, Patrick C.,$eauthor.
=245  10$aEstimation of gas-chromatographic peak parameters in the presence of base-line noise /$cby Patrick C. Kelly.
=264  \1$c[1970]
=264  \4$c1970
=300  \\$a1 online resource (x, 186 pages) :$billustrations
=336  \\$atext$btxt$2rdacontent
=337  \\$acomputer$bc$2rdamedia
=338  \\$aonline resource$bcr$2rdacarrier
=500  \\$a"A thesis submitted to the Faculty of Graduate Studies and Research in partial fulfilment of the requirements for the degree of Doctor of Philosophy, Department of Chemistry."
=502  \\$bPh. D.$cUniversity of Alberta$d1970.
=504  \\$aIncludes bibliographical references (pages [112]-114).
=650  \0$aGas chromatography.
=650  \0$aEstimation theory.
=710  2\$aUniversity of Alberta.$bDepartment of Chemistry.
=900  \\$aNK06725
=949  \\$zUAIN$zETHESIS

