=LDR  01132ntm a2200313Ii 4500
=001  uab09276465
=003  UAB
=005  20141008142458.0
=006  m|||||o||d||||||||
=007  cr||||||||||||
=008  141008t19721972xx\ad\\\obm\\\000\0\eng\d
=040  \\$aUAB$beng$erda$cUAB
=050  \4$aQK629.N5$bT38 1972
=090  \\$aInternet Access$bAEU
=100  1\$aTaube, Hubert,$eauthor.
=245  10$aSome metabolites of Cyathus helenae /$cby Hubert Taube.
=264  \1$c[1972]
=264  \4$c1972
=300  \\$a1 online resource (xiv, 147 pages) :$billustrations
=336  \\$atext$btxt$2rdacontent
=337  \\$acomputer$bc$2rdamedia
=338  \\$aonline resource$bcr$2rdacarrier
=500  \\$a"A thesis submitted to the Faculty of Graduate Studies and Research in partial fulfilment of the requirements for the degree of Doctor of Philosophy, Department of Chemistry."
=502  \\$bPh. D.$cUniversity of Alberta$d1972.
=504  \\$aIncludes bibliographical references (pages 140-144).
=650  \0$aNidulariaceae.
=650  \0$aMetabolites.
=710  2\$aUniversity of Alberta.$bDepartment of Chemistry.
=900  \\$aNK13592
=949  \\$zUAIN$zETHESIS

