=LDR  01277ntm a2200325Ii 4500
=001  uab09277441
=003  UAB
=005  20141010161718.0
=006  m|||||o||d||||||||
=007  cr||||||||||||
=008  141010t19741974xx\ad\\\obm\\\000\0\eng\d
=040  \\$aUAB$beng$erda$cUAB
=050  \4$aTA683.2$b.S55 1974
=090  \\$aInternet Access$bAEU
=100  1\$aSlight, Bruce William,$eauthor.
=245  10$aDynamic analysis of reinforced concrete shear wall buildings /$cby Bruce William Slight.
=264  \1$c[1974]
=264  \4$c1974
=300  \\$a1 online resource (xix, 252 pages) :$billustrations
=336  \\$atext$btxt$2rdacontent
=337  \\$acomputer$bc$2rdamedia
=338  \\$aonline resource$bcr$2rdacarrier
=500  \\$a"A thesis submitted to the Faculty of Graduate Studies and Research in partial fulfilment of the requirements for the degree of Doctor of Philosophy, Department of Civil Engineering."
=502  \\$bPh. D.$cUniversity of Alberta$d1974.
=504  \\$aIncludes bibliographical references (pages 137-141).
=590  \\$aLibrary copy imperfect: darkened throughout.
=650  \0$aBuildings, Reinforced concrete.
=650  \0$aShear walls$xAnalysis.
=710  2\$aUniversity of Alberta.$bDepartment of Civil Engineering.
=900  \\$aNK21971
=949  \\$zUAIN$zETHESIS

