=LDR  01330ntm a2200349Ii 4500
=001  uab09274654
=003  UAB
=005  20141002052348.0
=006  m|||||o||d||||||||
=007  cr||||||||||||
=008  141002t19691969xx\ade\\obm\\\000\0\eng\d
=040  \\$aUAB$beng$erda$cUAB
=043  \\$an-cn-ab$an-cn-bc
=050  \4$aQE599.C2$bP46 1969
=090  \\$aInternet Access$bAEU
=100  1\$aPennell, Douglas Gordon,$eauthor.
=245  10$aResidual strength analysis of five landslides /$cby Douglas Gordon Pennell.
=264  \1$c[1969]
=264  \4$c1969
=300  \\$a1 online resource (xv, 166 pages) :$billustrations, plan
=336  \\$atext$btxt$2rdacontent
=337  \\$acomputer$bc$2rdamedia
=338  \\$aonline resource$bcr$2rdacarrier
=500  \\$a"A thesis submitted to the Faculty of Graduate Studies and Research in partial fulfilment of the requirements for the degree of Doctor of Philosophy, Department of Civil Engineering."
=502  \\$bPh. D.$cUniversity of Alberta$d1969.
=504  \\$aIncludes bibliographical references (pages 161-166).
=650  \0$aLandslides$zAlberta.
=650  \0$aLandslides$zBritish Columbia.
=650  \0$aSoil mechanics$zAlberta.
=650  \0$aSoil mechanics$zBritish Columbia.
=710  2\$aUniversity of Alberta.$bDepartment of Civil Engineering.
=900  \\$aNK03865
=949  \\$zUAIN$zETHESIS

