=LDR  01206ntm a2200301Ii 4500
=001  uab09277618
=003  UAB
=005  20141013062259.0
=006  m|||||o||d||||||||
=007  cr||||||||||||
=008  141013t19751975xx\ad\\\obm\\\000\0\eng\d
=040  \\$aUAB$beng$erda$cUAB
=050  \4$aTD427.H4$bL35 1975
=090  \\$aInternet Access$bAEU
=100  1\$aLal, Pande B. B.,$eauthor.
=245  12$aA theoretical and experimental study of heated surface discharges into quiescent ambients /$cby Pande B.B. Lal.
=264  \1$c[1975]
=264  \4$c1975
=300  \\$a1 online resource (xxvii, 333 pages) :$billustrations
=336  \\$atext$btxt$2rdacontent
=337  \\$acomputer$bc$2rdamedia
=338  \\$aonline resource$bcr$2rdacarrier
=500  \\$a"A thesis submitted to the Faculty of Graduate Studies and Research in partial fulfilment of the requirements for the degree of Doctor of Philosophy, Department of Civil Engineering."
=502  \\$bPh. D.$cUniversity of Alberta$d1975.
=504  \\$aIncludes bibliographical references (pages 276-283).
=650  \0$aThermal pollution of rivers, lakes, etc.
=710  2\$aUniversity of Alberta.$bDepartment of Civil Engineering.
=900  \\$aNK26810
=949  \\$zUAIN$zETHESIS

