=LDR  01210ntm a2200313Ii 4500
=001  uab09275357
=003  UAB
=005  20141003061339.0
=006  m|||||o||d||||||||
=007  cr||||||||||||
=008  141003t19711971xx\\\\\\obm\\\000\0\eng\d
=040  \\$aUAB$beng$erda$cUAB
=050  \4$aPN56.5.H45$bH33 1971
=090  \\$aInternet Access$bAEU
=100  1\$aHaderlein, K. G. J.,$eauthor.
=245  10$aDoubleganger :$bthe hero and his double : a phenomenological study /$cby K.G.J. Haderlein.
=264  \1$c[1971]
=264  \4$c1971
=300  \\$a1 online resource (vii, 286 pages)
=336  \\$atext$btxt$2rdacontent
=337  \\$acomputer$bc$2rdamedia
=338  \\$aonline resource$bcr$2rdacarrier
=500  \\$a"A thesis submitted to the Faculty of Graduate Studies and Research in partial fulfilment of the requirements for the degree of Doctor of Philosophy, Department of Comparative Literature."
=502  \\$bPh. D.$cUniversity of Alberta$d1971.
=504  \\$aIncludes bibliographical references (pages [275]-286).
=650  \0$aHeroes in literature.
=650  \0$aPhenomenology and literature.
=710  2\$aUniversity of Alberta.$bDepartment of Comparative Literature.
=900  \\$aNK09595
=949  \\$zUAIN$zETHESIS

