=LDR  01310ntm a2200325Ii 4500
=001  uab09276334
=003  UAB
=005  20141008105933.0
=006  m|||||o||d||||||||
=007  cr||||||||||||
=008  141008t19721972xx\ad\\\obm\\\000\0\eng\d
=040  \\$aUAB$beng$erda$cUAB
=043  \\$an-cn---
=050  \4$aHD9734.C22$bP53 1972
=090  \\$aInternet Access$bAEU
=100  1\$aPlain, Richard Hayward McVicar,$eauthor.
=245  10$aInter-regional and inter-industry differences in the elasticity of factor substitution and the efficiency of labour in Canada /$cby Richard Hayward McVicar Plain.
=264  \1$c[1972]
=264  \4$c1972
=300  \\$a1 online resource (ix, 108 pages) :$billustrations
=336  \\$atext$btxt$2rdacontent
=337  \\$acomputer$bc$2rdamedia
=338  \\$aonline resource$bcr$2rdacarrier
=500  \\$a"A thesis submitted to the Faculty of Graduate Studies and Research in partial fulfilment of the requirements for the degree of Doctor of Philosophy, Department of Economics."
=502  \\$bPh. D.$cUniversity of Alberta$d1972.
=504  \\$aIncludes bibliographical references (pages 106-108).
=650  \0$aManufacturing industries$zCanada.
=650  \0$aIndustrial efficiency.
=710  2\$aUniversity of Alberta.$bDepartment of Economics.
=900  \\$aNK13527
=949  \\$zUAIN$zETHESIS

