=LDR  01184ntm a2200301Ii 4500
=001  uab09276779
=003  UAB
=005  20141009101325.0
=006  m|||||o||d||||||||
=007  cr||||||||||||
=008  141009t19711971xx\\\\\\obm\\\000\0\eng\d
=040  \\$aUAB$beng$erda$cUAB
=050  \4$aQP151$b.S27 1971
=090  \\$aInternet Access$bAEU
=100  1\$aSarna, Sushil, K.,$eauthor.
=245  10$aComputer models of gastrointestinal electrical control activity /$cby Sushil K. Sarna.
=264  \1$c[1971]
=264  \4$c1971
=300  \\$a1 online resource (xii, 173 pages)
=336  \\$atext$btxt$2rdacontent
=337  \\$acomputer$bc$2rdamedia
=338  \\$aonline resource$bcr$2rdacarrier
=500  \\$a"A thesis submitted to the Faculty of Graduate Studies in partial fulfilment of the requirements for the degree of Doctor of Philosophy, Department of Electrical Engineering."
=502  \\$bPh. D.$cUniversity of Alberta$d1971.
=504  \\$aIncludes bibliographical references (pages 165-171).
=650  \0$aGastrointestinal system$xElectric properties$xComputer simulation.
=710  2\$aUniversity of Alberta.$bDepartment of Electrical Engineering.
=900  \\$aNK09642
=949  \\$zUAIN$zETHESIS

