=LDR  01167ntm a2200301Ii 4500
=001  uab09276682
=003  UAB
=005  20141008194634.0
=006  m|||||o||d||||||||
=007  cr||||||||||||
=008  141008t19731973xx\ad\\\obm\\\000\0\eng\d
=040  \\$aUAB$beng$erda$cUAB
=050  \4$aT57.6$b.M87 1973
=090  \\$aInternet Access$bAEU
=100  1\$aMuraleedharan, K. A.,$eauthor.
=245  12$aA time domain approach to frequency domain approximation /$cby K.A. Muraleedharan.
=264  \1$c[1973]
=264  \4$c1973
=300  \\$a1 online resource (xi, 187 pages) :$billustrations
=336  \\$atext$btxt$2rdacontent
=337  \\$acomputer$bc$2rdamedia
=338  \\$aonline resource$bcr$2rdacarrier
=500  \\$a"A thesis submitted to the Faculty of Graduate Studies and Research in partial fulfilment of the requirements for the degree of Doctor of Philosophy, Department of Electrical Engineering."
=502  \\$bPh. D.$cUniversity of Alberta$d1973.
=504  \\$aIncludes bibliographical references (pages 154-160).
=650  \0$aTime-domain analysis.
=710  2\$aUniversity of Alberta.$bDepartment of Electrical Engineering.
=900  \\$aNK15290
=949  \\$zUAIN$zETHESIS

