=LDR  01415ntm a2200337Ii 4500
=001  uab09277032
=003  UAB
=005  20141009153503.0
=006  m|||||o||d||||||||
=007  cr||||||||||||
=008  141009t19731973xx\ad\\\obm\\\000\0\eng\d
=040  \\$aUAB$beng$erda$cUAB
=050  \4$aQC670$b.Y68 1973
=090  \\$aInternet Access$bAEU
=100  1\$aYoussef, El-Sayed Ahmed Ibrahim,$eauthor.
=245  12$aA uniformly twisted electrostatic quadrupole for guiding and imaging charged particles /$cby El-Sayed Ahmed Ibrahim Youssef.
=264  \1$c[1973]
=264  \4$c1973
=300  \\$a1 online resource (xiii, 273 pages) :$billustrations
=336  \\$atext$btxt$2rdacontent
=337  \\$acomputer$bc$2rdamedia
=338  \\$aonline resource$bcr$2rdacarrier
=500  \\$a"A thesis submitted to the Faculty of Graduate Studies and Research in partial fulfilment of the requirements for the degree of Doctor of Philosophy, Department of Electrical Engineering."
=502  \\$bPh. D.$cUniversity of Alberta$d1973.
=504  \\$aIncludes bibliographical references (pages 233-236).
=590  \\$aLibrary copy imperfect: pages 186, 188, 191, 194, 196, 197, 202, 203, 209, 210, 212, 213, 215 scanned twice.
=650  \0$aQuadrupoles.
=650  \0$aParticles (Nuclear physics)
=650  \0$aImaging systems.
=710  2\$aUniversity of Alberta.$bDepartment of Electrical Engineering.
=900  \\$aNK15386
=949  \\$zUAIN$zETHESIS

