=LDR  01243ntm a2200325Ii 4500
=001  uab09274612
=003  UAB
=005  20141001203937.0
=006  m|||||o||d||||||||
=007  cr||||||||||||
=008  141001t19691969xx\ad\\\obm\\\000\0\eng\d
=040  \\$aUAB$beng$erda$cUAB
=050  \4$aQC585$b.T56 1969
=090  \\$aInternet Access$bAEU
=100  1\$aTinga, Wayne Ralph,$eauthor.
=245  10$aMultiphase dielectric theory - applied to cellulose mixtures /$cby Wayne Ralph Tinga.
=264  \1$c[1969]
=264  \4$c1969
=300  \\$a1 online resource (xvii, 164 pages) :$billustrations
=336  \\$atext$btxt$2rdacontent
=337  \\$acomputer$bc$2rdamedia
=338  \\$aonline resource$bcr$2rdacarrier
=500  \\$a"A thesis submitted to the Faculty of Graduate Studies and Research in partial fulfilment of the requirements for the degree of Doctor of Philosophy, Department of Electrical Engineering."
=502  \\$bPh. D.$cUniversity of Alberta$d1969.
=504  \\$aIncludes bibliographical references (pages 158-164).
=650  \0$aDielectric measurements.
=650  \0$aWood$xElectric properties.
=650  \0$aCellulose.
=710  2\$aUniversity of Alberta.$bDepartment of Electrical Engineering.
=900  \\$aNK04983
=949  \\$zUAIN$zETHESIS

