=LDR  01154ntm a2200301Ii 4500
=001  uab09275468
=003  UAB
=005  20141004091536.0
=006  m|||||o||d||||||||
=007  cr||||||||||||
=008  141004t19711971xx\ad\\\obm\\\000\0\eng\d
=040  \\$aUAB$beng$erda$cUAB
=050  \4$aRC683.5.B3$bT66 1971
=090  \\$aInternet Access$bAEU
=100  1\$aTomek, Ivan,$eauthor.
=245  10$aModeling of some components of the human ballistocardiogram /$cby Ivan Tomek.
=264  \1$c[1971]
=264  \4$c1971
=300  \\$a1 online resource (ii, 88 pages) :$billustrations
=336  \\$atext$btxt$2rdacontent
=337  \\$acomputer$bc$2rdamedia
=338  \\$aonline resource$bcr$2rdacarrier
=500  \\$a"A thesis submitted to the Faculty of Graduate Studies and Research in partial fulfilment of the requirements for the degree of Doctor of Philosophy, Department of Electrical Engineering."
=502  \\$bPh. D.$cUniversity of Alberta$d1971.
=504  \\$aIncludes bibliographical references (pages 86-88).
=650  \0$aBallistocardiography.
=710  2\$aUniversity of Alberta.$bDepartment of Electrical Engineering.
=900  \\$aNK09655
=949  \\$zUAIN$zETHESIS

