=LDR  01195ntm a2200301Ii 4500
=001  uab09274874
=003  UAB
=005  20141002151204.0
=006  m|||||o||d||||||||
=007  cr||||||||||||
=008  141002t19691969xx\a\\\\obm\\\000\0\eng\d
=040  \\$aUAB$beng$erda$cUAB
=050  \4$aTA347.F86$bR36 1969
=090  \\$aInternet Access$bAEU
=100  1\$aRao, Ramappa Sridhara,$eauthor.
=245  10$aStability studies on nonlinear discrete-data systems through functional analysis /$cby Ramappa Sridhara Rao.
=264  \1$c[1969]
=264  \4$c1969
=300  \\$a1 online resource (viii, 83 pages) :$billustrations
=336  \\$atext$btxt$2rdacontent
=337  \\$acomputer$bc$2rdamedia
=338  \\$aonline resource$bcr$2rdacarrier
=500  \\$a"A thesis submitted to the Faculty of Graduate Studies and Research in partial fulfilment of the requirements for the degree of Doctor of Philosophy, Department of Electrical Engineering."
=502  \\$bPh. D.$cUniversity of Alberta$d1969.
=504  \\$aIncludes bibliographical references (pages 81-83).
=650  \0$aFunctional analysis.
=710  2\$aUniversity of Alberta.$bDepartment of Electrical Engineering.
=900  \\$aNK04969
=949  \\$zUAIN$zETHESIS

