=LDR  01254ntm a2200325Ii 4500
=001  uab09277314
=003  UAB
=005  20141010114925.0
=006  m|||||o||d||||||||
=007  cr||||||||||||
=008  141010t19741974xx\ad\\\obm\\\000\0\eng\d
=040  \\$aUAB$beng$erda$cUAB
=050  \4$aQA402.3$b.L53 1974
=090  \\$aInternet Access$bAEU
=100  1\$aLiang, David Feseng,$eauthor.
=245  10$aNonlinear estimation of systems with and without delays /$cby David Feseng Liang.
=264  \1$c[1974]
=264  \4$c1974
=300  \\$a1 online resource (xvi, 190 pages) :$billustrations
=336  \\$atext$btxt$2rdacontent
=337  \\$acomputer$bc$2rdamedia
=338  \\$aonline resource$bcr$2rdacarrier
=500  \\$a"A thesis submitted to the Faculty of Graduate Studies and Research in partial fulfilment of the requirements for the degree of Doctor of Philosophy, Department of Electrical Engineering."
=502  \\$bPh. D.$cUniversity of Alberta$d1974.
=504  \\$aIncludes bibliographical references (pages 182-190).
=650  \0$aObservers (Control theory)
=650  \0$aNonlinear systems.
=650  \0$aDelay differential equations.
=710  2\$aUniversity of Alberta.$bDepartment of Electrical Engineering.
=900  \\$aNK21883
=949  \\$zUAIN$zETHESIS

