=LDR  01283ntm a2200325Ii 4500
=001  uab09276747
=003  UAB
=005  20141009075310.0
=006  m|||||o||d||||||||
=007  cr||||||||||||
=008  141009t19711971xx\adf\\obm\\\000\0\eng\d
=040  \\$aUAB$beng$erda$cUAB
=050  \4$aTL152.8$b.P47 1971
=090  \\$aInternet Access$bAEU
=100  1\$aPeppard, Lloyd E.,$eauthor.
=245  10$aAutomatic and manual optimal control of personal-vehicle systems /$cby Lloyd E. Peppard.
=264  \1$c[1971]
=264  \4$c1971
=300  \\$a1 online resource (xiv, 182 pages, 2 leaves of plates) :$billustrations
=336  \\$atext$btxt$2rdacontent
=337  \\$acomputer$bc$2rdamedia
=338  \\$aonline resource$bcr$2rdacarrier
=500  \\$a"A thesis submitted to the Faculty of Graduate Studies and Research in partial fulfilment of the requirements for the degree of Doctor of Philosophy, Department of Electrical Engineering."
=502  \\$bPh. D.$cUniversity of Alberta$d1971.
=504  \\$aIncludes bibliographical references.
=650  \0$aAutomobiles$xAutomatic control.
=650  \0$aAdaptive control systems.
=650  \0$aAutomobiles$xMotors$xControl systems.
=710  2\$aUniversity of Alberta.$bDepartment of Electrical Engineering.
=900  \\$aNK09630
=949  \\$zUAIN$zETHESIS

