=LDR  01208ntm a2200313Ii 4500
=001  uab09275363
=003  UAB
=005  20141003061339.0
=006  m|||||o||d||||||||
=007  cr||||||||||||
=008  141003t19711971xx\ad\\\obm\\\000\0\eng\d
=040  \\$aUAB$beng$erda$cUAB
=050  \4$aQC718.5.S7$bH37 1971
=090  \\$aInternet Access$bAEU
=100  1\$aHardy, Robert Henry Stephen,$eauthor.
=245  10$aMagnetically induced instability in an argon plasma /$cby Robert Henry Stephen Hardy.
=264  \1$c[1971]
=264  \4$c1971
=300  \\$a1 online resource (166 pages) :$billustrations
=336  \\$atext$btxt$2rdacontent
=337  \\$acomputer$bc$2rdamedia
=338  \\$aonline resource$bcr$2rdacarrier
=500  \\$a"A thesis submitted to the Faculty of Graduate Studies and Research in partial fulfilment of the requirements for the degree of Doctor of Philosophy, Department of Electrical Engineering."
=502  \\$bPh. D.$cUniversity of Alberta$d1971.
=504  \\$aIncludes bibliographical references (pages 119-140).
=650  \0$aPlasma instabilities.
=650  \0$aArgon plasmas.
=710  2\$aUniversity of Alberta.$bDepartment of Electrical Engineering.
=900  \\$aNK09596
=949  \\$zUAIN$zETHESIS

