=LDR  01155ntm a2200301Ii 4500
=001  uab09277334
=003  UAB
=005  20141009204927.0
=006  m|||||o||d||||||||
=007  cr||||||||||||
=008  141009t19741974xx\ad\\\obm\\\000\0\eng\d
=040  \\$aUAB$beng$erda$cUAB
=050  \4$aTK7871.89.A94$bE44 1974
=090  \\$aInternet Access$bAEU
=100  1\$aEl-Gabaly, Moustafa A. S.,$eauthor.
=245  10$aExact study on MSM Baritt diodes /$cby Moustafa A.S. El-Gabaly.
=264  \1$c[1974]
=264  \4$c1974
=300  \\$a1 online resource (xiv, 184 pages) :$billustrations
=336  \\$atext$btxt$2rdacontent
=337  \\$acomputer$bc$2rdamedia
=338  \\$aonline resource$bcr$2rdacarrier
=500  \\$a"A thesis submitted to the Faculty of Graduate Studies and Research in partial fulfilment of the requirements for the degree of Doctor of Philosophy, Department of Electrical Engineering."
=502  \\$bPh. D.$cUniversity of Alberta$d1974.
=504  \\$aIncludes bibliographical references (pages 167-173).
=650  \0$aDiodes, BARITT.
=710  2\$aUniversity of Alberta.$bDepartment of Electrical Engineering.
=900  \\$aNK21807
=949  \\$zUAIN$zETHESIS

