=LDR  01217ntm a2200313Ii 4500
=001  uab09275573
=003  UAB
=005  20141006101812.0
=006  m|||||o||d||||||||
=007  cr||||||||||||
=008  141006t19701970xx\ad\\\obm\\\000\0\eng\d
=040  \\$aUAB$beng$erda$cUAB
=050  \4$aQA402.5$b.S25 1970
=090  \\$aInternet Access$bAEU
=100  1\$aSalama, Ahmed I. A.,$eauthor.
=245  10$aOptimization of systems with several cost functionals /$cby Ahmed I.A. Salama.
=264  \1$c[1970]
=264  \4$c1970
=300  \\$a1 online resource (ix, 129 pages) :$billustrations
=336  \\$atext$btxt$2rdacontent
=337  \\$acomputer$bc$2rdamedia
=338  \\$aonline resource$bcr$2rdacarrier
=500  \\$a"A thesis submitted to the Faculty of Graduate Studies and Research in partial fulfilment of the requirements for the degree of Doctor of Philosophy, Department of Electrical Engineering."
=502  \\$bPh. D.$cUniversity of Alberta$d1970.
=504  \\$aIncludes bibliographical references.
=590  \\$aLibrary copy imperfect: page 129 scanned twice.
=650  \0$aMathematical optimization.
=710  2\$aUniversity of Alberta.$bDepartment of Electrical Engineering.
=900  \\$aNK06756
=949  \\$zUAIN$zETHESIS

