=LDR  01495ntm a2200373Ii 4500
=001  uab09276741
=003  UAB
=005  20141009071026.0
=006  m|||||o||d||||||||
=007  cr||||||||||||
=008  141009t19711971xx\\\\\\obm\\\000\0\eng\d
=040  \\$aUAB$beng$erda$cUAB
=043  \\$anw-----
=050  \4$aPR1134$b.M56 1971
=090  \\$aInternet Access$bAEU
=100  1\$aMinchin-Comm, Dorothy,$eauthor.
=245  14$aThe changing concepts of the West Indian plantocracy in English poetry and drama, 1740-1850 /$cby Dorothy Minchin-Comm.
=264  \1$c[1971]
=264  \4$c1971
=300  \\$a1 online resource (x, 545 pages)
=336  \\$atext$btxt$2rdacontent
=337  \\$acomputer$bc$2rdamedia
=338  \\$aonline resource$bcr$2rdacarrier
=500  \\$a"A thesis submitted to the Faculty of Graduate Studies in partial fulfilment of the requirements for the degree of Doctor of Philosophy, Department of English."
=502  \\$bPh. D.$cUniversity of Alberta$d1971.
=504  \\$aIncludes bibliographical references (pages 523-545).
=650  \0$aEnglish literature$y18th century.
=650  \0$aEnglish literature$y19th century.
=651  \0$aWest Indies$xEconomic conditions$y18th century.
=651  \0$aWest Indies$xPolitics and government$y18th century.
=651  \0$aWest Indies$xPolitics and government$y19th century.
=651  \0$aWest Indies$xEconomic conditions$y19th century.
=710  2\$aUniversity of Alberta.$bDepartment of English.
=900  \\$aNK09623
=949  \\$zUAIN$zETHESIS

