=LDR  01159ntm a2200301Ii 4500
=001  uab09274653
=003  UAB
=005  20141002052348.0
=006  m|||||o||d||||||||
=007  cr||||||||||||
=008  141002t19691969xx\\\\\\obm\\\000\0deng\d
=040  \\$aUAB$beng$erda$cUAB
=050  \4$aPR5588$b.N67 1969
=090  \\$aInternet Access$bAEU
=100  1\$aNorth, John Stanley,$eauthor.
=245  10$aTennyson on knowledge, evil and history /$cby John Stanley North.
=264  \1$c[1969]
=264  \4$c1969
=300  \\$a1 online resource (vii, 215 pages)
=336  \\$atext$btxt$2rdacontent
=337  \\$acomputer$bc$2rdamedia
=338  \\$aonline resource$bcr$2rdacarrier
=500  \\$a"A thesis submitted to the Faculty of Graduate Studies and Research in partial fulfilment of the requirements for the degree of Doctor of Philosophy, Department of English."
=502  \\$bPh. D.$cUniversity of Alberta$d1969.
=504  \\$aIncludes bibliographical references (pages 202-215).
=600  10$aTennyson, Alfred Tennyson,$cBaron,$d1809-1892$xCriticism and interpretation.
=710  2\$aUniversity of Alberta.$bDepartment of English.
=900  \\$aNK03863
=949  \\$zUAIN$zETHESIS

