=LDR  01164ntm a2200301Ii 4500
=001  uab09275445
=003  UAB
=005  20141003234229.0
=006  m|||||o||d||||||||
=007  cr||||||||||||
=008  141003t19711971xx\\\\\\obm\\\000\0deng\d
=040  \\$aUAB$beng$erda$cUAB
=050  \4$aPR6005.A77$bZ736 1971
=090  \\$aInternet Access$bAEU
=100  1\$aKanu, Sheka H.,$eauthor.
=245  12$aA world in everlasting conflict :$bJoyce Cary's view of man and society /$cby Sheka H. Kanu.
=264  \1$c[1971]
=264  \4$c1971
=300  \\$a1 online resource (viii, 374 pages)
=336  \\$atext$btxt$2rdacontent
=337  \\$acomputer$bc$2rdamedia
=338  \\$aonline resource$bcr$2rdacarrier
=500  \\$a"A thesis submitted to the Faculty of Graduate Studies and Research in partial fulfilment of the requirements for the degree of Doctor of Philosophy, Department of English."
=502  \\$bPh. D.$cUniversity of Alberta$d1971.
=504  \\$aIncludes bibliographical references (pages 362-374).
=600  10$aCary, Joyce,$d1888-1957$xCriticism and interpretation.
=710  2\$aUniversity of Alberta.$bDepartment of English.
=900  \\$aNK08089
=949  \\$zUAIN$zETHESIS

