=LDR  01268ntm a2200325Ii 4500
=001  uab09277403
=003  UAB
=005  20141010144707.0
=006  m|||||o||d||||||||
=007  cr||||||||||||
=008  141010t19751975xx\\\\\\obm\\\000\0deng\d
=040  \\$aUAB$beng$erda$cUAB
=043  \\$an-usn--
=050  \4$aPS1713$b.B35 1975
=090  \\$aInternet Access$bAEU
=100  1\$aBailey, Rosamond Smith,$eauthor.
=245  14$aThe celebration of self-reliance in the fiction of Mary Wilkins Freeman /$cby Rosamond Smith Bailey.
=264  \1$c[1975]
=264  \4$c1975
=300  \\$a1 online resource (vii, 252 pages)
=336  \\$atext$btxt$2rdacontent
=337  \\$acomputer$bc$2rdamedia
=338  \\$aonline resource$bcr$2rdacarrier
=500  \\$a"A thesis submitted to the Faculty of Graduate Studies and Research in partial fulfilment of the requirements for the degree of Doctor of Philosophy, Department of English."
=502  \\$bPh. D.$cUniversity of Alberta$d1975.
=504  \\$aIncludes bibliographical references (pages 245-252).
=600  10$aFreeman, Mary Eleanor Wilkins,$d1852-1930$xCriticism and interpretation.
=650  \0$aWomen and literature$zNew England.
=710  2\$aUniversity of Alberta.$bDepartment of English.
=900  \\$aNK23981
=949  \\$zUAIN$zETHESIS

