=LDR  01177ntm a2200301Ii 4500
=001  uab09275112
=003  UAB
=005  20141003061339.0
=006  m|||||o||d||||||||
=007  cr||||||||||||
=008  141003t19711971xx\\\\\\obm\\\000\0deng\d
=040  \\$aUAB$beng$erda$cUAB
=050  \4$aPR4037$b.W55 1971
=090  \\$aInternet Access$bAEU
=100  1\$aWillis, Lesley Hilda,$eauthor.
=245  10$aVision and judgment as means of character definition in Jane Austen's novels /$cby Lesley Hilda Willis.
=264  \1$c[1971]
=264  \4$c1971
=300  \\$a1 online resource ([v], 234 pages)
=336  \\$atext$btxt$2rdacontent
=337  \\$acomputer$bc$2rdamedia
=338  \\$aonline resource$bcr$2rdacarrier
=500  \\$a"A thesis submitted to the Faculty of Graduate Studies and Research in partial fulfilment of the requirements for the degree of Doctor of Philosophy, Department of English."
=502  \\$bPh. D.$cUniversity of Alberta$d1971.
=504  \\$aIncludes bibliographical references (pages 225-234).
=600  10$aAusten, Jane,$d1775-1817$xCriticism and interpretation.
=710  2\$aUniversity of Alberta.$bDepartment of English.
=900  \\$aNK08133
=949  \\$zUAIN$zETHESIS

