=LDR  01304ntm a2200337Ii 4500
=001  uab09276119
=003  UAB
=005  20141007154820.0
=006  m|||||o||d||||||||
=007  cr||||||||||||
=008  141007t19721972xx\\\\\\obm\\\000\0\eng\d
=040  \\$aUAB$beng$erda$cUAB
=050  \4$aPR698.T7$bH36 1972
=090  \\$aInternet Access$bAEU
=100  1\$aHameed, Syeda,$eauthor.
=245  14$aThe diminishing hero in Restoration tragedy /$cby Syeda Hameed.
=264  \1$c[1972]
=264  \4$c1972
=300  \\$a1 online resource (viii, 324 pages)
=336  \\$atext$btxt$2rdacontent
=337  \\$acomputer$bc$2rdamedia
=338  \\$aonline resource$bcr$2rdacarrier
=500  \\$a"A thesis submitted to the Faculty of Graduate Studies and Research in partial fulfilment of the requirements for the degree of Doctor of Philosophy, Department of English."
=502  \\$bPh. D.$cUniversity of Alberta$d1972.
=504  \\$aIncludes bibliographical references (pages 311-324).
=590  \\$aLibrary copy imperfect: page 312 scanned twice.
=650  \0$aEnglish drama$yRestoration, 1660-1700$xHistory and criticism.
=650  \0$aEnglish drama (Tragedy)$xHistory and criticism.
=650  \0$aHeroes in literature.
=710  2\$aUniversity of Alberta.$bDepartment of English.
=900  \\$aNK13392
=949  \\$zUAIN$zETHESIS

