=LDR  01179ntm a2200313Ii 4500
=001  uab09277362
=003  UAB
=005  20141010134405.0
=006  m|||||o||d||||||||
=007  cr||||||||||||
=008  141010t19751975xx\\\\\\obm\\\000\0deng\d
=040  \\$aUAB$beng$erda$cUAB
=050  \4$aPS3054$b.F75 1975
=090  \\$aInternet Access$bAEU
=100  1\$aFriesen, Victor Carl,$eauthor.
=245  10$aSensuousness in Henry Thoreau /$cby Victor Carl Friesen.
=264  \1$c[1975]
=264  \4$c1975
=300  \\$a1 online resource (ix, 340 pages)
=336  \\$atext$btxt$2rdacontent
=337  \\$acomputer$bc$2rdamedia
=338  \\$aonline resource$bcr$2rdacarrier
=500  \\$a"A thesis submitted to the Faculty of Graduate Studies and Research in partial fulfilment of the requirements for the degree of Doctor of Philosophy, Department of English."
=502  \\$bPh. D.$cUniversity of Alberta$d1975.
=504  \\$aIncludes bibliographical references (pages 323-340).
=600  10$aThoreau, Henry David,$d1817-1862$xCriticism and interpretation.
=650  \0$aSensuality in literature.
=710  2\$aUniversity of Alberta.$bDepartment of English.
=900  \\$aNK24033
=949  \\$zUAIN$zETHESIS

