=LDR  01158ntm a2200313Ii 4500
=001  uab09275200
=003  UAB
=005  20141003111952.0
=006  m|||||o||d||||||||
=007  cr||||||||||||
=008  141003t19711971xx\\\\\\obm\\\000\0deng\d
=040  \\$aUAB$beng$erda$cUAB
=050  \4$aPR3637.T54$bM35 1971
=090  \\$aInternet Access$bAEU
=100  1\$aMcIsaac, Paul W.,$eauthor.
=245  10$aTemporal perspectives and designs in Pope's poetry /$cby Paul W. McIsaac.
=264  \1$c[1971]
=264  \4$c1971
=300  \\$a1 online resource (263 pages)
=336  \\$atext$btxt$2rdacontent
=337  \\$acomputer$bc$2rdamedia
=338  \\$aonline resource$bcr$2rdacarrier
=500  \\$a"A thesis submitted to the Faculty of Graduate Studies and Research in partial fulfilment of the requirements for the degree of Doctor of Philosophy, Department of English."
=502  \\$bPh. D.$cUniversity of Alberta$d1971.
=504  \\$aIncludes bibliographical references (pages 246-263).
=600  10$aPope, Alexander,$d1688-1744$vPoetry.
=650  \0$aTime in literature.
=710  2\$aUniversity of Alberta.$bDepartment of English.
=900  \\$aNK09614
=949  \\$zUAIN$zETHESIS

