=LDR  01239ntm a2200313Ii 4500
=001  uab09276470
=003  UAB
=005  20141008143120.0
=006  m|||||o||d||||||||
=007  cr||||||||||||
=008  141008t19721972xx\\\\\\obm\\\000\0deng\d
=040  \\$aUAB$beng$erda$cUAB
=050  \4$aPR4714$b.T46 1972
=090  \\$aInternet Access$bAEU
=100  1\$aThompson, Hilary,$eauthor.
=245  14$aThe Savoy Opera as metatheatre :$ba study of characterization in the libretti of W.S. Gilbert /$cby Hilary Thompson.
=264  \1$c[1972]
=264  \4$c1972
=300  \\$a1 online resource (ii, 3-240 pages)
=336  \\$atext$btxt$2rdacontent
=337  \\$acomputer$bc$2rdamedia
=338  \\$aonline resource$bcr$2rdacarrier
=500  \\$a"A thesis submitted to the Faculty of Graduate Studies and Research in partial fulfilment of the requirements for the degree of Doctor of Philosophy, Department of English."
=502  \\$bPh. D.$cUniversity of Alberta$d1972.
=504  \\$aIncludes bibliographical references (pages 233-240).
=600  10$aGilbert, W. S.$q(William Schwenck),$d1836-1911$xCharacters.
=610  20$aSavoy Theater (London, England)
=710  2\$aUniversity of Alberta.$bDepartment of English.
=900  \\$aNK13597
=949  \\$zUAIN$zETHESIS

