=LDR  01263ntm a2200337Ii 4500
=001  uab09277401
=003  UAB
=005  20141010144426.0
=006  m|||||o||d||||||||
=007  cr||||||||||||
=008  141010t19741974xx\\\\\\obm\\\000\0\eng\d
=040  \\$aUAB$beng$erda$cUAB
=043  \\$ae-uk---
=050  \4$aCT25$b.R56 1974
=090  \\$aInternet Access$bAEU
=100  1\$aRingrose, Christopher,$eauthor.
=245  10$aBritish autobiography, 1864-1914 /$cby Christopher Ringrose.
=264  \1$c[1974]
=264  \4$c1974
=300  \\$a1 online resource (vii, 319 pages)
=336  \\$atext$btxt$2rdacontent
=337  \\$acomputer$bc$2rdamedia
=338  \\$aonline resource$bcr$2rdacarrier
=500  \\$a"A thesis submitted to the Faculty of Graduate Studies and Research in partial fulfilment of the requirements for the degree of Doctor of Philosophy, Department of English."
=502  \\$bPh. D.$cUniversity of Alberta$d1974.
=504  \\$aIncludes bibliographical references (pages 303-319).
=650  \0$aAutobiography$xHistory$y19th century.
=650  \0$aAuthors, English$y19th century$xBiography.
=651  \0$aGreat Britain$xBiography$xHistory and criticism.
=710  2\$aUniversity of Alberta.$bDepartment of English.
=900  \\$aNK21955
=949  \\$zUAIN$zETHESIS

