=LDR  01335ntm a2200337Ii 4500
=001  uab09277297
=003  UAB
=005  20141009204927.0
=006  m|||||o||d||||||||
=007  cr||||||||||||
=008  141009t19741974xx\\\\\\obm\\\000\0\eng\d
=040  \\$aUAB$beng$erda$cUAB
=050  \4$aPR9192.6.N38$bD69 1974
=090  \\$aInternet Access$bAEU
=100  1\$aDowney, Deane Ernest David,$eauthor.
=245  10$aNational identity and recent Canadian fiction (1965-1973) /$cby Deane Ernest David Downey.
=264  \1$c[1974]
=264  \4$c1974
=300  \\$a1 online resource (x, 304 pages)
=336  \\$atext$btxt$2rdacontent
=337  \\$acomputer$bc$2rdamedia
=338  \\$aonline resource$bcr$2rdacarrier
=500  \\$a"A thesis submitted to the Faculty of Graduate Studies and Research in partial fulfilment of the requirements for the degree of Doctor of Philosophy, Department of English."
=502  \\$bPh. D.$cUniversity of Alberta$d1974.
=504  \\$aIncludes bibliographical references (pages 283-304).
=650  \0$aCanadian fiction$y20th century$xHistory and criticism.
=650  \0$aIdentity (Psychology) in literature.
=650  \0$aGroup identity in literature.
=650  \0$aCanadian literature (English)$xThemes, motives.
=710  2\$aUniversity of Alberta.$bDepartment of English.
=900  \\$aNK21802
=949  \\$zUAIN$zETHESIS

