=LDR  01266ntm a2200313Ii 4500
=001  uab09275350
=003  UAB
=005  20141003061339.0
=006  m|||||o||d||||||||
=007  cr||||||||||||
=008  141003t19711971xx\a\\\\obm\\\000\0\eng\d
=040  \\$aUAB$beng$erda$cUAB
=050  \4$aQL534$b.G75 1971
=090  \\$aInternet Access$bAEU
=100  1\$aGriffiths, Graham C. D.,$eauthor.
=245  10$aStudies on the phylogenetic classification of diptera cyclorrhapha, with special reference to the structure of the male postabdomen /$cby Graham C.D. Griffiths.
=264  \1$c[1971]
=264  \4$c1971
=300  \\$a1 online resource (xviii, 298 pages) :$billustrations
=336  \\$atext$btxt$2rdacontent
=337  \\$acomputer$bc$2rdamedia
=338  \\$aonline resource$bcr$2rdacarrier
=500  \\$a"A thesis submitted to the Faculty of Graduate Studies and Research in partial fulfilment of the requirements for the degree of Doctor of Philosophy, Department of Entomology."
=502  \\$bPh. D.$cUniversity of Alberta$d1971.
=504  \\$aIncludes bibliographical references (pages 267-288).
=650  \0$aDiptera$xClassification.
=650  \0$aDiptera$xPhylogeny.
=710  2\$aUniversity of Alberta.$bDepartment of Entomology.
=900  \\$aNK09593
=949  \\$zUAIN$zETHESIS

