=LDR  01243ntm a2200325Ii 4500
=001  uab09276695
=003  UAB
=005  20141008202310.0
=006  m|||||o||d||||||||
=007  cr||||||||||||
=008  141008t19731973xx\ad\\\obm\\\000\0\eng\d
=040  \\$aUAB$beng$erda$cUAB
=043  \\$an-cn-ab
=050  \4$aSB951.5$b.R67 1973
=090  \\$aInternet Access$bAEU
=100  1\$aRosenberg, David,$d1949-$eauthor.
=245  10$aEffects of dieldrin on diversity of macroinvertebrates in a slough in central Alberta /$cby David Michael Rosenberg.
=264  \1$c[1973]
=264  \4$c1973
=300  \\$a1 online resource (xv, 282 pages) :$billustrations
=336  \\$atext$btxt$2rdacontent
=337  \\$acomputer$bc$2rdamedia
=338  \\$aonline resource$bcr$2rdacarrier
=500  \\$a"A thesis submitted to the Faculty of Graduate Studies and Research in partial fulfilment of the requirements for the degree of Doctor of Philosophy, Department of Entomology."
=502  \\$bPh. D.$cUniversity of Alberta$d1973.
=504  \\$aIncludes bibliographical references (pages 274-282).
=650  \0$aDieldrin$zAlberta.
=650  \0$aInvertebrates$zAlberta.
=710  2\$aUniversity of Alberta.$bDepartment of Entomology.
=900  \\$aNK15329
=949  \\$zUAIN$zETHESIS

