=LDR  01329ntm a2200325Ii 4500
=001  uab09277620
=003  UAB
=005  20141013062259.0
=006  m|||||o||d||||||||
=007  cr||||||||||||
=008  141013t19751975xx\a\\\\obm\\\000\0\eng\d
=040  \\$aUAB$beng$erda$cUAB
=050  \4$aQL536$b.L44 1975
=090  \\$aInternet Access$bAEU
=100  1\$aLee, Robert Maung Kyaw Win,$eauthor.
=245  10$aStructure and function of the sense organs on the labium, fascicular stylets, cibarium and tarsi of mosquitoes /$cby Robert Maung Kyaw Win Lee.
=264  \1$c[1975]
=264  \4$c1975
=300  \\$a1 online resource (xvii, 124 pages) :$billustrations
=336  \\$atext$btxt$2rdacontent
=337  \\$acomputer$bc$2rdamedia
=338  \\$aonline resource$bcr$2rdacarrier
=500  \\$a"A thesis submitted to the Faculty of Graduate Studies and Research in partial fulfilment of the requirements for the degree of Doctor of Philosophy, Department of Entomology."
=502  \\$bPh. D.$cUniversity of Alberta$d1975.
=504  \\$aIncludes bibliographical references (pages 107-118).
=590  \\$aLibrary copy imperfect: unreadable text throughout.
=650  \0$aAedes aegypti$xSense organs.
=650  \0$aMosquitoes$xSense organs.
=710  2\$aUniversity of Alberta.$bDepartment of Entomology.
=900  \\$aNK26820
=949  \\$zUAIN$zETHESIS

