=LDR  01190ntm a2200301Ii 4500
=001  uab09275467
=003  UAB
=005  20141004091536.0
=006  m|||||o||d||||||||
=007  cr||||||||||||
=008  141004t19711971xx\ad\\\obm\\\000\0\eng\d
=040  \\$aUAB$beng$erda$cUAB
=050  \4$aQL537.T25$bT46 1971
=090  \\$aInternet Access$bAEU
=100  1\$aThomas, Anthony William,$eauthor.
=245  10$aAutogeny and anautogeny in some species of tabanids (Diptera, Tabanidae) in Alberta, Canada /$cby Anthony William Thomas.
=264  \1$c[1971]
=264  \4$c1971
=300  \\$a1 online resource (xiv, 108 pages) :$billustrations
=336  \\$atext$btxt$2rdacontent
=337  \\$acomputer$bc$2rdamedia
=338  \\$aonline resource$bcr$2rdacarrier
=500  \\$a"A thesis submitted to the Faculty of Graduate Studies and Research in partial fulfilment of the requirements for the degree of Doctor of Philosophy, Department of Entomology."
=502  \\$bPh. D.$cUniversity of Alberta$d1971.
=504  \\$aIncludes bibliographical references (pages 94-108).
=650  \0$aHorseflies$xPhysiology.
=710  2\$aUniversity of Alberta.$bDepartment of Entomology.
=900  \\$aNK09654
=949  \\$zUAIN$zETHESIS

