=LDR  01187ntm a2200313Ii 4500
=001  uab09277185
=003  UAB
=005  20141009195805.0
=006  m|||||o||d||||||||
=007  cr||||||||||||
=008  141009t19741974xx\ad\\\obm\\\000\0\eng\d
=040  \\$aUAB$beng$erda$cUAB
=050  \4$aSB211.P8$bO57 1974
=090  \\$aInternet Access$bAEU
=100  1\$aOoraikul, Buncha,$eauthor.
=245  10$aProcessing of potato granules with the aid of freeze-thaw technique /$cby Buncha Ooraikul.
=264  \1$c[1974]
=264  \4$c1974
=300  \\$a1 online resource (xviii, 265 pages) :$billustrations
=336  \\$atext$btxt$2rdacontent
=337  \\$acomputer$bc$2rdamedia
=338  \\$aonline resource$bcr$2rdacarrier
=500  \\$a"A thesis submitted to the Faculty of Graduate Studies and Research in partial fulfilment of the requirements for the degree of Doctor of Philosophy, Department of Food Science."
=502  \\$bPh. D.$cUniversity of Alberta$d1974.
=504  \\$aIncludes bibliographical references (pages 242-265).
=650  \0$aPotatoes$xProcessing.
=650  \0$aFreeze-drying.
=710  2\$aUniversity of Alberta.$bDepartment of Food Science.
=900  \\$aNK21082
=949  \\$zUAIN$zETHESIS

