=LDR  01292ntm a2200325Ii 4500
=001  uab09276734
=003  UAB
=005  20141004091536.0
=006  m|||||o||d||||||||
=007  cr||||||||||||
=008  141004t19721972xx\ad\\\obm\\\000\0\eng\d
=040  \\$aUAB$beng$erda$cUAB
=043  \\$an-cn-ab
=050  \4$aQL737.R666$bB57 1972
=090  \\$aInternet Access$bAEU
=100  1\$aBirdsall, David Alan,$eauthor.
=245  10$aAllele and phenotype frequency variation of three loci in natural populations of deer mice (Peromyscus maniculatus) /$cby David Alan Birdsall.
=264  \1$c[1972]
=264  \4$c1972
=300  \\$a1 online resource (x, 112 pages) :$billustrations
=336  \\$atext$btxt$2rdacontent
=337  \\$acomputer$bc$2rdamedia
=338  \\$aonline resource$bcr$2rdacarrier
=500  \\$a"A thesis submitted to the Faculty of Graduate Studies and Research in partial fulfilment of the requirements for the degree of Doctor of Philosophy, Department of Genetics."
=502  \\$bPh. D.$cUniversity of Alberta$d1972.
=504  \\$aIncludes bibliographical references (pages 97-106).
=650  \0$aPeromyscus maniculatus$xEcology$zAlberta$zEdmonton.
=650  \0$aPopulation genetics.
=710  2\$aUniversity of Alberta.$bDepartment of Genetics.
=900  \\$aNK11116
=949  \\$zUAIN$zETHESIS

