=LDR  01248ntm a2200325Ii 4500
=001  uab09274660
=003  UAB
=005  20141002052348.0
=006  m|||||o||d||||||||
=007  cr||||||||||||
=008  141002t19691969xx\ad\\\obm\\\000\0\eng\d
=040  \\$aUAB$beng$erda$cUAB
=050  \4$aQL537.D76$bV97 1969
=090  \\$aInternet Access$bAEU
=100  1\$aVyse, Ernest Robert,$eauthor.
=245  10$aStudies on nutritional conditional lethals of Drosophila melanogaster /$cby Ernest Robert Vyse.
=264  \1$c[1969]
=264  \4$c1969
=300  \\$a1 online resource (v, 86 pages) :$billustrations
=336  \\$atext$btxt$2rdacontent
=337  \\$acomputer$bc$2rdamedia
=338  \\$aonline resource$bcr$2rdacarrier
=500  \\$a"A thesis submitted to the Faculty of Graduate Studies and Research in partial fulfilment of the requirements for the degree of Doctor of Philosophy, Department of Genetics."
=502  \\$bPh. D.$cUniversity of Alberta$d1969.
=504  \\$aIncludes bibliographical references (pages 80-86).
=650  \0$aDrosophila melanogaster$xGenetics.
=650  \0$aSex-linkage (Genetics)
=650  \0$aOrganic compounds$xSynthesis.
=710  2\$aUniversity of Alberta.$bDepartment of Genetics.
=900  \\$aNK03872
=949  \\$zUAIN$zETHESIS

