=LDR  01202ntm a2200325Ii 4500
=001  uab09274817
=003  UAB
=005  20141002141602.0
=006  m|||||o||d||||||||
=007  cr||||||||||||
=008  141002t19691969xx\af\\\obm\\\000\0\eng\d
=040  \\$aUAB$beng$erda$cUAB
=050  \4$aQK623.S6$bK69 1969
=090  \\$aInternet Access$bAEU
=100  1\$aKozar, Frank,$eauthor.
=245  14$aThe ultrastructure of germinating macroconidia of Neurospora crassa /$cby Frank Kozar.
=264  \1$c[1969]
=264  \4$c1969
=300  \\$a1 online resource (38 pages, 120 pages of plates) :$billustrations
=336  \\$atext$btxt$2rdacontent
=337  \\$acomputer$bc$2rdamedia
=338  \\$aonline resource$bcr$2rdacarrier
=500  \\$a"A thesis submitted to the Faculty of Graduate Studies and Research in partial fulfilment of the requirements for the degree of Doctor of Philosophy, Department of Genetics."
=502  \\$bPh. D.$cUniversity of Alberta$d1969.
=504  \\$aIncludes bibliographical references (pages 30-38).
=650  \0$aNeurospora crassa.
=650  \0$aGermination.
=650  \0$aConidia.
=710  2\$aUniversity of Alberta.$bDepartment of Genetics.
=900  \\$aNK04946
=949  \\$zUAIN$zETHESIS

