=LDR  01386ntm a2200337Ii 4500
=001  uab09275916
=003  UAB
=005  20141007092540.0
=006  m|||||o||d||||||||
=007  cr||||||||||||
=008  141007t19711971xx\abd\\obm\\\000\0\eng\d
=040  \\$aUAB$beng$erda$cUAB
=043  \\$an-cnp--
=050  \4$aGB1207$b.S64 1971
=090  \\$aInternet Access$bAEU
=100  1\$aSpence, Edward Smith,$eauthor.
=245  13$aAn analysis of the relationships of selected streamflow characteristics to physical geographic patterns in the plains area of the Canadian Prairie Provinces /$cby Edward Smith Spence.
=264  \1$c[1971]
=264  \4$c1971
=300  \\$a1 online resource (xvii, 298 pages) :$billustrations, maps
=336  \\$atext$btxt$2rdacontent
=337  \\$acomputer$bc$2rdamedia
=338  \\$aonline resource$bcr$2rdacarrier
=500  \\$a"A thesis submitted to the Faculty of Graduate Studies and Research in partial fulfilment of the requirements for the degree of Doctor of Philosophy, Department of Geography."
=502  \\$bPh. D.$cUniversity of Alberta$d1971.
=504  \\$aIncludes bibliographical references (pages 266-278).
=650  \0$aStreamflow$zPrairie Provinces.
=650  \0$aStream measurements$zPrairie Provinces.
=650  \0$aHydrology$zPrairie Provinces.
=710  2\$aUniversity of Alberta.$bDepartment of Geography.
=900  \\$aNK08126
=949  \\$zUAIN$zETHESIS

