=LDR  01430ntm a2200361Ii 4500
=001  uab09276934
=003  UAB
=005  20141009132530.0
=006  m|||||o||d||||||||
=007  cr||||||||||||
=008  141009t19731973xx\abd\\obm\\\000\0\eng\d
=040  \\$aUAB$beng$erda$cUAB
=043  \\$an-cn-ab$an-cn-sn
=050  \4$aQE471.15.S25$bR34 1973
=090  \\$aInternet Access$bAEU
=100  1\$aRahmani, Riyadh Abdulrahim,$eauthor.
=245  10$aHeavy mineral analysis of upper cretaceous and Paleocene sandstones in Alberta and adjacent areas of Saskatchewan /$cby Riyadh Abdulrahim Rahmani.
=264  \1$c[1973]
=264  \4$c1973
=300  \\$a1 online resource (xv, 236 pages) :$billustrations, maps
=336  \\$atext$btxt$2rdacontent
=337  \\$acomputer$bc$2rdamedia
=338  \\$aonline resource$bcr$2rdacarrier
=500  \\$a"A thesis submitted to the Faculty of Graduate Studies and Research in partial fulfilment of the requirements for the degree of Doctor of Philosophy, Department of Geology."
=502  \\$bPh. D.$cUniversity of Alberta$d1973.
=504  \\$aIncludes bibliographical references (pages 182-189).
=650  \0$aSandstone$zAlberta.
=650  \0$aSandstone$zSaskatchewan.
=650  \0$aMinerals$xAnalysis.
=650  \0$aGeology, Stratigraphic$yCretaceous.
=650  \0$aGeology, Stratigraphic$yPaleocene.
=710  2\$aUniversity of Alberta.$bDepartment of Geology.
=900  \\$aNK15322
=949  \\$zUAIN$zETHESIS

