=LDR  01470ntm a2200361Ii 4500
=001  uab09277637
=003  UAB
=005  20141013062259.0
=006  m|||||o||d||||||||
=007  cr||||||||||||
=008  141013t19751975xx\b\\\\obm\\\000\0deng\d
=040  \\$aUAB$beng$erda$cUAB
=043  \\$an-cn-ab
=050  \4$aHC117.N5$bO88 1975
=090  \\$aInternet Access$bAEU
=100  1\$aOtter, A. A. den$q(Andy Albert den),$d1941-$eauthor.
=245  10$aSir Alexander T. Galt and the Northwest :$ba case study of entrepreneuralism on the frontier /$cby A.A. den Otter.
=264  \1$c[1975]
=264  \4$c1975
=300  \\$a1 online resource (x, 337 pages) :$bmaps
=336  \\$atext$btxt$2rdacontent
=337  \\$acomputer$bc$2rdamedia
=338  \\$aonline resource$bcr$2rdacarrier
=500  \\$a"A thesis submitted to the Faculty of Graduate Studies and Research in partial fulfilment of the requirements for the degree of Doctor of Philosophy, Department of History."
=502  \\$bPh. D.$cUniversity of Alberta$d1975.
=504  \\$aIncludes bibliographical references (pages 316-328).
=651  \0$aNorthwest, Canadian$xEconomic conditions.
=600  10$aGalt, A. T.$q(Alexander Tilloch),$cSir,$d1817-1893.
=650  \0$aCommunity development$zAlberta$zLethbridge.
=651  \0$aCanada$xPolitics and government$y1841-1867.
=651  \0$aCanada$xPolitics and government$y1867-
=710  2\$aUniversity of Alberta.$bDepartment of History.
=900  \\$aNK26877
=949  \\$zUAIN$zETHESIS

