=LDR  01271ntm a2200337Ii 4500
=001  uab09276507
=003  UAB
=005  20141008154224.0
=006  m|||||o||d||||||||
=007  cr||||||||||||
=008  141008t19721972xx\\\\\\obm\\\000\0beng\d
=040  \\$aUAB$beng$erda$cUAB
=043  \\$an-cn---$an-cn-nk
=050  \4$aF1032$b.W35 1972
=090  \\$aInternet Access$bAEU
=100  1\$aWallace, Carl,$eauthor.
=245  10$aSir Leonard Tilley, a political biography /$cby Carl Murray Wallace.
=264  \1$c[1972]
=264  \4$c1972
=300  \\$a1 online resource (xi, 413 pages)
=336  \\$atext$btxt$2rdacontent
=337  \\$acomputer$bc$2rdamedia
=338  \\$aonline resource$bcr$2rdacarrier
=500  \\$a"A thesis submitted to the Faculty of Graduate Studies and Research in partial fulfilment of the requirements for the degree of Doctor of Philosophy, Department of History."
=502  \\$bPh. D.$cUniversity of Alberta$d1972.
=504  \\$aIncludes bibliographical references (pages 395-413).
=600  10$aTilley, Samuel Leonard,$cSir,$d1818-1896.
=651  \0$aCanada$xPolitics and government$y19th century.
=651  \0$aNew Brunswick$xPolitics and government.
=710  2\$aUniversity of Alberta.$bDepartment of History.
=900  \\$aNK13621
=949  \\$zUAIN$zETHESIS

