=LDR  01192ntm a2200313Ii 4500
=001  uab09276634
=003  UAB
=005  20141008190942.0
=006  m|||||o||d||||||||
=007  cr||||||||||||
=008  141008t19731973xx\a\\\\obm\\\000\0\eng\d
=040  \\$aUAB$beng$erda$cUAB
=050  \4$aP151$b.F54 1973
=090  \\$aInternet Access$bAEU
=100  1\$aFletcher, Paul Jeffrey,$eauthor.
=245  13$aAn experimental approach to syntactic paraphrase /$cby Paul Jeffrey Fletcher.
=264  \1$c[1973]
=264  \4$c1973
=300  \\$a1 online resource (ix, 148 pages) :$billustrations
=336  \\$atext$btxt$2rdacontent
=337  \\$acomputer$bc$2rdamedia
=338  \\$aonline resource$bcr$2rdacarrier
=500  \\$a"A thesis submitted to the Faculty of Graduate Studies and Research in partial fulfilment of the requirements for the degree of Doctor of Philosophy, Department of Linguistics."
=502  \\$bPh. D.$cUniversity of Alberta$d1973.
=504  \\$aIncludes bibliographical references (pages 136-141).
=650  \0$aGrammar, Comparative and general.
=650  \0$aSemantics (Philosophy)
=710  2\$aUniversity of Alberta.$bDepartment of Linguistics.
=900  \\$aNK15227
=949  \\$zUAIN$zETHESIS

