=LDR  01231ntm a2200313Ii 4500
=001  uab09277074
=003  UAB
=005  20141009163123.0
=006  m|||||o||d||||||||
=007  cr||||||||||||
=008  141009t19741974xx\a\\\\obm\\\000\0\eng\d
=040  \\$aUAB$beng$erda$cUAB
=050  \4$aP123$b.P38 1974
=090  \\$aInternet Access$bAEU
=100  1\$aPatel, Purushottam Garbadbhai,$eauthor.
=245  13$aAn analysis of the notion 'structural ambiguity' /$cby Purushottam Garbadbhai Patel.
=264  \1$c[1974]
=264  \4$c1974
=300  \\$a1 online resource (ix, 168 pages) :$billustrations
=336  \\$atext$btxt$2rdacontent
=337  \\$acomputer$bc$2rdamedia
=338  \\$aonline resource$bcr$2rdacarrier
=500  \\$a"A thesis submitted to the Faculty of Graduate Studies and Research in partial fulfilment of the requirements for the degree of Doctor of Philosophy, Department of Linguistics."
=502  \\$bPh. D.$cUniversity of Alberta$d1974.
=504  \\$aIncludes bibliographical references (pages 159-168).
=650  \0$aStructural linguistics.
=650  \0$aGrammar, Comparative and general$xGrammatical catagories.
=710  2\$aUniversity of Alberta.$bDepartment of Linguistics.
=900  \\$aNK21083
=949  \\$zUAIN$zETHESIS

