=LDR  01126ntm a2200301Ii 4500
=001  uab09275305
=003  UAB
=005  20141003153943.0
=006  m|||||o||d||||||||
=007  cr||||||||||||
=008  141003t19701970xx\\\\\\obm\\\000\0\eng\d
=040  \\$aUAB$beng$erda$cUAB
=050  \4$aQA241$b.F46 1970
=090  \\$aInternet Access$bAEU
=100  1\$aFeng, Yan Kwang,$eauthor.
=245  10$aSome representation and distribution problems for generalized r-free integers /$cby Yan Kwang Feng.
=264  \1$c[1970]
=264  \4$c1970
=300  \\$a1 online resource (67 pages)
=336  \\$atext$btxt$2rdacontent
=337  \\$acomputer$bc$2rdamedia
=338  \\$aonline resource$bcr$2rdacarrier
=500  \\$a"A thesis submitted to the Faculty of Graduate Studies and Research in partial fulfilment of the requirements for the degree of Doctor of Philosophy, Department of Mathematics."
=502  \\$bPh. D.$cUniversity of Alberta$d1970.
=504  \\$aIncludes bibliographical references (pages 56-67).
=650  \0$aNumber theory.
=710  2\$aUniversity of Alberta.$bDepartment of Mathematics.
=900  \\$aNK06706
=949  \\$zUAIN$zETHESIS

