=LDR  01120ntm a2200313Ii 4500
=001  uab09275286
=003  UAB
=005  20141003144556.0
=006  m|||||o||d||||||||
=007  cr||||||||||||
=008  141003t19701970xx\\\\\\obm\\\000\0\eng\d
=040  \\$aUAB$beng$erda$cUAB
=050  \4$aQA331$b.B34 1970
=090  \\$aInternet Access$bAEU
=100  1\$aBaggs, Ivan,$eauthor.
=245  10$aProperties of some non-continuous functions /$cby Ivan Baggs.
=264  \1$c[1970]
=264  \4$c1970
=300  \\$a1 online resource (iv, 75 pages)
=336  \\$atext$btxt$2rdacontent
=337  \\$acomputer$bc$2rdamedia
=338  \\$aonline resource$bcr$2rdacarrier
=500  \\$a"A thesis submitted to the Faculty of Graduate Studies and Research in partial fulfilment of the requirements for the degree of Doctor of Philosophy, Department of Mathematics."
=502  \\$bPh. D.$cUniversity of Alberta$d1970.
=504  \\$aIncludes bibliographical references (pages 73-75).
=650  \0$aFunctions.
=650  \0$aTopological spaces.
=710  2\$aUniversity of Alberta.$bDepartment of Mathematics.
=900  \\$aNK06686
=949  \\$zUAIN$zETHESIS

