=LDR  01179ntm a2200313Ii 4500
=001  uab09277193
=003  UAB
=005  20141004091536.0
=006  m|||||o||d||||||||
=007  cr||||||||||||
=008  141004t19721972xx\\\\\\obm\\\000\0\eng\d
=040  \\$aUAB$beng$erda$cUAB
=050  \4$aQC20.7.D5$bE27 1972
=090  \\$aInternet Access$bAEU
=100  1\$aEaswaran, Sundaram,$eauthor.
=245  12$aA study on certain higher order partial differential equations of Mangeron /$cby Sundaram Easwaran.
=264  \1$c[1972]
=264  \4$c1972
=300  \\$a1 online resource (v, 147)
=336  \\$atext$btxt$2rdacontent
=337  \\$acomputer$bc$2rdamedia
=338  \\$aonline resource$bcr$2rdacarrier
=500  \\$a"A thesis submitted to the Faculty of Graduate Studies and Research in partial fulfilment of the requirements for the degree of Doctor of Philosophy, Department of Mathematics."
=502  \\$bPh. D.$cUniversity of Alberta$d1972.
=504  \\$aIncludes bibliographical references (pages 141-147).
=650  \0$aDifferential equations.
=650  \0$aMathematical physics.
=710  2\$aUniversity of Alberta.$bDepartment of Mathematics.
=900  \\$aNK11130
=949  \\$zUAIN$zETHESIS

