=LDR  01131ntm a2200313Ii 4500
=001  uab09275175
=003  UAB
=005  20141003102547.0
=006  m|||||o||d||||||||
=007  cr||||||||||||
=008  141003t19711971xx\\\\\\obm\\\000\0\eng\d
=040  \\$aUAB$beng$erda$cUAB
=050  \4$aQA601$b.H79 1971
=090  \\$aInternet Access$bAEU
=100  1\$aHrycay, Rudolph,$eauthor.
=245  10$aWeakly connected functions /$cby Rudolph Hrycay.
=264  \1$c[1971]
=264  \4$c1971
=300  \\$a1 online resource (viii, 65 pages)
=336  \\$atext$btxt$2rdacontent
=337  \\$acomputer$bc$2rdamedia
=338  \\$aonline resource$bcr$2rdacarrier
=500  \\$a"A thesis submitted to the Faculty of Graduate Studies in partial fulfilment of the requirements for the degree of Doctor of Philosophy, Department of Mathematics."
=502  \\$bPh. D.$cUniversity of Alberta$d1971.
=504  \\$aIncludes bibliographical references (pages 63-65).
=650  \0$aTransformations (Mathematics)
=650  \0$aFunctions of complex variables.
=710  2\$aUniversity of Alberta.$bDepartment of Mathematics.
=900  \\$aNK09601
=949  \\$zUAIN$zETHESIS

