=LDR  01207ntm a2200325Ii 4500
=001  uab09276800
=003  UAB
=005  20141009104204.0
=006  m|||||o||d||||||||
=007  cr||||||||||||
=008  141009t19731973xx\\\\\\obm\\\000\0\eng\d
=040  \\$aUAB$beng$erda$cUAB
=050  \4$aQA612.7$b.C45 1973
=090  \\$aInternet Access$bAEU
=100  1\$aChislett, Eric G.,$eauthor.
=245  10$aHomotopy and fibrations in categories /$cby Eric G. Chislett.
=264  \1$c[1973]
=264  \4$c1973
=300  \\$a1 online resource (viii, 66 pages)
=336  \\$atext$btxt$2rdacontent
=337  \\$acomputer$bc$2rdamedia
=338  \\$aonline resource$bcr$2rdacarrier
=500  \\$a"A thesis submitted to the Faculty of Graduate Studies and Research in partial fulfilment of the requirements for the degree of Doctor of Philosophy, Department of Mathematics."
=502  \\$bPh. D.$cUniversity of Alberta$d1973.
=504  \\$aIncludes bibliographical references (pages 65-66).
=590  \\$aLibrary copy imperfect: page 34 scanned twice.
=650  \0$aHomotopy theory.
=650  \0$aFiber bundles (Mathematics)
=710  2\$aUniversity of Alberta.$bDepartment of Mathematics.
=900  \\$aNK15199
=949  \\$zUAIN$zETHESIS

