=LDR  01141ntm a2200313Ii 4500
=001  uab09275285
=003  UAB
=005  20141003144435.0
=006  m|||||o||d||||||||
=007  cr||||||||||||
=008  141003t19701970xx\a\\\\obm\\\000\0\eng\d
=040  \\$aUAB$beng$erda$cUAB
=050  \4$aQA613$b.L44 1970
=090  \\$aInternet Access$bAEU
=100  1\$aLee, Jong Pil,$eauthor.
=245  10$aHomeotopy groups of 2-manifolds /$cby Jong Pil Lee.
=264  \1$c[1970]
=264  \4$c1970
=300  \\$a1 online resource ([vi], 52 pages) :$billustrations
=336  \\$atext$btxt$2rdacontent
=337  \\$acomputer$bc$2rdamedia
=338  \\$aonline resource$bcr$2rdacarrier
=500  \\$a"A thesis submitted to the Faculty of Graduate Studies and Research in partial fulfilment of the requirements for the degree of Doctor of Philosophy, Department of Mathematics."
=502  \\$bPh. D.$cUniversity of Alberta$d1970.
=504  \\$aIncludes bibliographical references (pages 51-52).
=650  \0$aManifolds (Mathematics)
=650  \0$aHomotopy groups.
=710  2\$aUniversity of Alberta.$bDepartment of Mathematics.
=900  \\$aNK06731
=949  \\$zUAIN$zETHESIS

