=LDR  01407ntm a2200337Ii 4500
=001  uab09277395
=003  UAB
=005  20141010143148.0
=006  m|||||o||d||||||||
=007  cr||||||||||||
=008  141010t19741974xx\\\\\\obm\\\000\0\eng\d
=040  \\$aUAB$beng$erda$cUAB
=050  \4$aQA295$b.R36 1974
=090  \\$aInternet Access$bAEU
=100  1\$aRao, Madiraju Sudhakara,$eauthor.
=245  10$aWeak convergence of empirical processes for non-stationary strong mixing sequences and their applications to asymptotic normality and efficiency of linear rank statistics /$cby Madiraju Sudhakara Rao.
=264  \1$c[1974]
=264  \4$c1974
=300  \\$a1 online resource (viii, 110 pages)
=336  \\$atext$btxt$2rdacontent
=337  \\$acomputer$bc$2rdamedia
=338  \\$aonline resource$bcr$2rdacarrier
=500  \\$a"A thesis submitted to the Faculty of Graduate Studies and Research in partial fulfilment of the requirements for the degree of Doctor of Philosophy in Mathematical Statistics, Department of Mathematics."
=502  \\$bPh. D.$cUniversity of Alberta$d1974.
=504  \\$aIncludes bibliographical references (pages 107-110).
=650  \0$aConvergence.
=650  \0$aRandom variables.
=650  \0$aAsymptotic efficiencies (Statistics)
=650  \0$aRanking and selection (Statistics)
=710  2\$aUniversity of Alberta.$bDepartment of Mathematics.
=900  \\$aNK21950
=949  \\$zUAIN$zETHESIS

