=LDR  01171ntm a2200313Ii 4500
=001  uab09275679
=003  UAB
=005  20141006135838.0
=006  m|||||o||d||||||||
=007  cr||||||||||||
=008  141006t19711971xx\\\\\\obm\\\000\0\eng\d
=040  \\$aUAB$beng$erda$cUAB
=050  \4$aQA611.3$b.P37 1971
=090  \\$aInternet Access$bAEU
=100  1\$aPareek, Chandra Mohan,$eauthor.
=245  12$aA study of some generalizations of paracompact and metrizable spaces /$cby Chandra Mohan Pareek.
=264  \1$c[1971]
=264  \4$c1971
=300  \\$a1 online resource (viii, 104 pages)
=336  \\$atext$btxt$2rdacontent
=337  \\$acomputer$bc$2rdamedia
=338  \\$aonline resource$bcr$2rdacarrier
=500  \\$a"A thesis submitted to the Faculty of Graduate Studies and Research in partial fulfilment of the requirements for the degree of Doctor of Philosophy, Department of Mathematics."
=502  \\$bPh. D.$cUniversity of Alberta$d1971.
=504  \\$aIncludes bibliographical references (pages 101-104).
=650  \0$aTopological spaces.
=650  \0$aTopology.
=710  2\$aUniversity of Alberta.$bDepartment of Mathematics.
=900  \\$aNK08110
=949  \\$zUAIN$zETHESIS

