=LDR  01182ntm a2200325Ii 4500
=001  uab09275459
=003  UAB
=005  20141004091536.0
=006  m|||||o||d||||||||
=007  cr||||||||||||
=008  141004t19711971xx\a\\\\obm\\\000\0\eng\d
=040  \\$aUAB$beng$erda$cUAB
=050  \4$aQA251.5$b.S58 1971
=090  \\$aInternet Access$bAEU
=100  1\$aShum, Kar-Ping,$eauthor.
=245  10$aOn radicals in mobs /$cby Kar Ping Shum, M. Sc. (Leeds).
=264  \1$c[1971]
=264  \4$c1971
=300  \\$a1 online resource (x, 90 pages) :$billustrations
=336  \\$atext$btxt$2rdacontent
=337  \\$acomputer$bc$2rdamedia
=338  \\$aonline resource$bcr$2rdacarrier
=500  \\$a"A thesis submitted to the Faculty of Graduate Studies and Research in partial fulfilment of the requirements for the degree of Doctor of Philosophy, Department of Mathematics."
=502  \\$bPh. D.$cUniversity of Alberta$d1971.
=504  \\$aIncludes bibliographical references (pages 88-90).
=650  \0$aRadical theory.
=650  \0$aRings (Algebra)
=650  \0$aRepresentations of algebras.
=710  2\$aUniversity of Alberta.$bDepartment of Mathematics.
=900  \\$aNK09647
=949  \\$zUAIN$zETHESIS

