=LDR  01154ntm a2200313Ii 4500
=001  uab09274590
=003  UAB
=005  20141001192219.0
=006  m|||||o||d||||||||
=007  cr||||||||||||
=008  141001t19691969xx\ad\\\obm\\\000\0\eng\d
=040  \\$aUAB$beng$erda$cUAB
=050  \4$aQA297$b.W66 1969
=090  \\$aInternet Access$bAEU
=100  1\$aWong, Roderick S. C.,$eauthor.
=245  12$aA generalization of Watson's lemma /$cby Roderick S.C. Wong.
=264  \1$c[1969]
=264  \4$c1969
=300  \\$a1 online resource (iii, 151 pages) :$billustrations
=336  \\$atext$btxt$2rdacontent
=337  \\$acomputer$bc$2rdamedia
=338  \\$aonline resource$bcr$2rdacarrier
=500  \\$a"A thesis submitted to the Faculty of Graduate Studies and Research in partial fulfilment of the requirements for the degree of Doctor of Philosophy, Department of Mathematics."
=502  \\$bPh. D.$cUniversity of Alberta$d1969.
=504  \\$aIncludes bibliographical references (pages [150]-151).
=650  \0$aAsymptotic expansions.
=650  \0$aFunctions.
=710  2\$aUniversity of Alberta.$bDepartment of Mathematics.
=900  \\$aNK04992
=949  \\$zUAIN$zETHESIS

