=LDR  01146ntm a2200313Ii 4500
=001  uab09277011
=003  UAB
=005  20141009145908.0
=006  m|||||o||d||||||||
=007  cr||||||||||||
=008  141009t19741974xx\\\\\\obm\\\000\0\eng\d
=040  \\$aUAB$beng$erda$cUAB
=050  \4$aQA432$b.I86 1974
=090  \\$aInternet Access$bAEU
=100  1\$aIsmail, Mourad El-Houssieny,$eauthor.
=245  12$aA family of operational calculi /$cby Mourad El-Houssieny Ismail.
=264  \1$c[1974]
=264  \4$c1974
=300  \\$a1 online resource (vii, 90 pages)
=336  \\$atext$btxt$2rdacontent
=337  \\$acomputer$bc$2rdamedia
=338  \\$aonline resource$bcr$2rdacarrier
=500  \\$a"A thesis submitted to the Faculty of Graduate Studies and Research in partial fulfilment of the requirements for the degree of Doctor of Philosophy, Department of Mathematics."
=502  \\$bPh. D.$cUniversity of Alberta$d1974.
=504  \\$aIncludes bibliographical references (pages 85-87).
=650  \0$aCalculus, Operational.
=650  \0$aPolynomials.
=710  2\$aUniversity of Alberta.$bDepartment of Mathematics.
=900  \\$aNK21032
=949  \\$zUAIN$zETHESIS

