=LDR  01248ntm a2200313Ii 4500
=001  uab09277187
=003  UAB
=005  20141009201821.0
=006  m|||||o||d||||||||
=007  cr||||||||||||
=008  141009t19741974xx\ad\\\obm\\\000\0\eng\d
=040  \\$aUAB$beng$erda$cUAB
=050  \4$aQC793.5.E622$bV46 1974
=090  \\$aInternet Access$bAEU
=100  1\$aVenkataramanayya, Ramesh,$eauthor.
=245  10$aDirect simultaneous measurement of rotational and translational accommodation coefficients /$cby Ramesh Venkataramanayya.
=264  \1$c[1974]
=264  \4$c1974
=300  \\$a1 online resource (xiv, 81 pages) :$billustrations
=336  \\$atext$btxt$2rdacontent
=337  \\$acomputer$bc$2rdamedia
=338  \\$aonline resource$bcr$2rdacarrier
=500  \\$a"A thesis submitted to the Faculty of Graduate Studies and Research in partial fulfilment of the requirements for the degree of Doctor of Philosophy Degree, Department of Mechanical Engineering."
=502  \\$bPh. D.$cUniversity of Alberta$d1974.
=504  \\$aIncludes bibliographical references (pages 66-69).
=650  \0$aElectron beams.
=650  \0$aEnergy transfer.
=710  2\$aUniversity of Alberta.$bDepartment of Mechanical Engineering.
=900  \\$aNK21090
=949  \\$zUAIN$zETHESIS

