=LDR  01313ntm a2200349Ii 4500
=001  uab09275176
=003  UAB
=005  20141003102702.0
=006  m|||||o||d||||||||
=007  cr||||||||||||
=008  141003t19701970xx\ad\\\om\\\\000\0\eng\d
=040  \\$aUAB$beng$erda$cUAB
=050  \4$aQA925$b.H83 1970
=090  \\$aInternet Access$bAEU
=100  1\$aHwang, G.-J.$q(Guang-Jyh),$eauthor.
=245  10$aThermal instability and finite amplitude convection with secondary flow /$cby Guang-Jyh Hwang.
=264  \1$c[1970]
=264  \4$c1970
=300  \\$a1 online resource (271 pages) :$billustrations
=336  \\$atext$btxt$2rdacontent
=337  \\$acomputer$bc$2rdamedia
=338  \\$aonline resource$bcr$2rdacarrier
=500  \\$a"A thesis submitted to the Faculty of Graduate Studies and Research in partial fulfilment of the requirements for the degree of Doctor of Philosophy, Department of Mechanical Engineering."
=502  \\$bPh. D.$cUniversity of Alberta$d1970.
=590  \\$aLibrary copy imperfect: pages 66, 141, 145, 149 scanned twice.
=650  \0$aVortex-motion.
=650  \0$aBoundary layer.
=650  \0$aFluid dynamics.
=650  \0$aHeat$xConvection.
=650  \0$aThermodynamics.
=710  2\$aUniversity of Alberta.$bDepartment of Mechanical Engineering.
=900  \\$aNK06717
=949  \\$zUAIN$zETHESIS

