=LDR  01249ntm a2200325Ii 4500
=001  uab09276550
=003  UAB
=005  20141008170923.0
=006  m|||||o||d||||||||
=007  cr||||||||||||
=008  141008t19731973xx\ad\\\obm\\\000\0\eng\d
=040  \\$aUAB$beng$erda$cUAB
=050  \4$aQC320$b.A35 1973
=090  \\$aInternet Access$bAEU
=100  1\$aAkiyama, Mitsunobu,$eauthor.
=245  10$aThermal entrance region heat transfer and hydrodynamic stability in curved channels /$cby Mitsunobu Akiyama.
=264  \1$c[1973]
=264  \4$c1973
=300  \\$a1 online resource (xxvi, 466 pages) :$billustrations
=336  \\$atext$btxt$2rdacontent
=337  \\$acomputer$bc$2rdamedia
=338  \\$aonline resource$bcr$2rdacarrier
=500  \\$a"A thesis submitted to the Faculty of Graduate Studies and Research in partial fulfilment of the requirements for the degree of Doctor of Philosophy, Department of Mechanical Engineering."
=502  \\$bPh. D.$cUniversity of Alberta$d1973.
=504  \\$aIncludes bibliographical references (pages 347-363).
=650  \0$aHeat$xTransmission.
=650  \0$aHydrodynamics.
=650  \0$aStability.
=710  2\$aUniversity of Alberta.$bDepartment of Mechanical Engineering.
=900  \\$aNK15174
=949  \\$zUAIN$zETHESIS

