=LDR  01194ntm a2200313Ii 4500
=001  uab09274541
=003  UAB
=005  20141001170405.0
=006  m|||||o||d||||||||
=007  cr||||||||||||
=008  141001t19681968xx\ad\\\obm\\\000\0\eng\d
=040  \\$aUAB$beng$erda$cUAB
=050  \4$aQC151$b.V75 1968
=090  \\$aInternet Access$bAEU
=100  1\$aVries, Gerard de,$eauthor.
=245  12$aA study of visco and pseudo-plastic flow /$cby Gerard de Vries.
=264  \1$c[1968]
=264  \4$c1968
=300  \\$a1 online resource (xiii, 181 pages) :$billustrations
=336  \\$atext$btxt$2rdacontent
=337  \\$acomputer$bc$2rdamedia
=338  \\$aonline resource$bcr$2rdacarrier
=500  \\$a"A thesis submitted to the Faculty of Graduate Studies and Research in partial fulfilment of the requirements for the degree of Doctor of Philosophy, Department of Mechanical Engineering."
=502  \\$bPh. D.$cUniversity of Alberta$d1968.
=504  \\$aIncludes bibliographical references (pages 147-151).
=650  \0$aFluid dynamics$xMathematical models.
=650  \0$aViscoplasticity.
=710  2\$aUniversity of Alberta.$bDepartment of Mechanical Engineering.
=900  \\$aNK03835
=949  \\$zUAIN$zETHESIS

