=LDR  01341ntm a2200349Ii 4500
=001  uab09275424
=003  UAB
=005  20141003215420.0
=006  m|||||o||d||||||||
=007  cr||||||||||||
=008  141003t19711971xx\ad\\\obm\\\000\0\eng\d
=040  \\$aUAB$beng$erda$cUAB
=050  \4$aTA455.P5$bH78 1971
=090  \\$aInternet Access$bAEU
=100  1\$aHrudey, Terry Michael,$eauthor.
=245  12$aA finite strain theory for elastic-plastic deformation /$cby Terry Michael Hrudey.
=264  \1$c[1971]
=264  \4$c1971
=300  \\$a1 online resource (xiii, 187 pages) :$billustrations
=336  \\$atext$btxt$2rdacontent
=337  \\$acomputer$bc$2rdamedia
=338  \\$aonline resource$bcr$2rdacarrier
=500  \\$a"A thesis submitted to the Faculty of Graduate Studies and Research in partial fulfilment of the requirements for the degree of Doctor of Philosophy, Department of Mechanical Engineering."
=502  \\$bPh. D.$cUniversity of Alberta$d1970.
=504  \\$aIncludes bibliographical references (pages 163-170).
=650  \0$aPlastics$xDeterioration.
=650  \0$aContinuum mechanics.
=650  \0$aStrains and stresses.
=650  \0$aDeformations (Mechanics)$xMathematical models.
=650  \0$aPlasticity.
=710  2\$aUniversity of Alberta.$bDepartment of Mechanical Engineering.
=900  \\$aNK08082
=949  \\$zUAIN$zETHESIS

