=LDR  01163ntm a2200301Ii 4500
=001  uab09275336
=003  UAB
=005  20141003061339.0
=006  m|||||o||d||||||||
=007  cr||||||||||||
=008  141003t19711971xx\ad\\\obm\\\000\0\eng\d
=040  \\$aUAB$beng$erda$cUAB
=050  \4$aQA931$b.B97 1971
=090  \\$aInternet Access$bAEU
=100  1\$aByrne, Thomas Peter,$eauthor.
=245  14$aThe application of hypoelastic theory to problems in plasticity /$cby Thomas Peter Byrne.
=264  \1$c[1971]
=264  \4$c1971
=300  \\$a1 online resource (xv, 155 pages) :$billustrations
=336  \\$atext$btxt$2rdacontent
=337  \\$acomputer$bc$2rdamedia
=338  \\$aonline resource$bcr$2rdacarrier
=500  \\$a"A thesis submitted to the Faculty of Graduate Studies and Research in partial fulfilment of the requirements for the degree of Doctor of Philosophy, Department of Mechanical Engineering."
=502  \\$bPh. D.$cUniversity of Alberta$d1971.
=504  \\$aIncludes bibliographical references (pages 152-155).
=650  \0$aPlasticity.
=710  2\$aUniversity of Alberta.$bDepartment of Mechanical Engineering.
=900  \\$aNK09582
=949  \\$zUAIN$zETHESIS

