=LDR  01191ntm a2200301Ii 4500
=001  uab09274506
=003  UAB
=005  20141001161102.0
=006  m|||||o||d||||||||
=007  cr||||||||||||
=008  141001t19691969xx\adf\\obm\\\000\0\eng\d
=040  \\$aUAB$beng$erda$cUAB
=050  \4$aQP609.N78$bB47 1969
=090  \\$aInternet Access$bAEU
=100  1\$aBerry, Sheila A.,$eauthor.
=245  12$aA study of the control, production and characterization of a bacterial extracellular enzyme /$cby Sheila A. Berry.
=264  \1$c[1969]
=264  \4$c1969
=300  \\$a1 online resource (xvi, 129 pages, [31] leaves of plates) :$billustrations
=336  \\$atext$btxt$2rdacontent
=337  \\$acomputer$bc$2rdamedia
=338  \\$aonline resource$bcr$2rdacarrier
=500  \\$a"A thesis submitted to the Faculty of Graduate Studies and Research in partial fulfilment of the requirements for the degree of Doctor of Philosophy, Department of Microbiology."
=502  \\$bPh. D.$cUniversity of Alberta$d1969.
=504  \\$aIncludes bibliographical references (pages 122-129).
=650  \0$aNucleases.
=710  2\$aUniversity of Alberta.$bDepartment of Microbiology.
=900  \\$aNK03830
=949  \\$zUAIN$zETHESIS

