=LDR  01272ntm a2200325Ii 4500
=001  uab09275001
=003  UAB
=005  20141002181947.0
=006  m|||||o||d||||||||
=007  cr||||||||||||
=008  141002t19701970xx\ad\\\obm\\\000\0\eng\d
=040  \\$aUAB$beng$erda$cUAB
=050  \4$aQR82.P78$bB79 1970
=090  \\$aInternet Access$bAEU
=100  1\$aBryan, L. E.,$eauthor.
=245  14$aThe purification, modification and characterization of an intracellular exonuclease-phosphatase from Pseudomonas aeruginosa /$cby Lawrence E. Bryan.
=264  \1$c[1970]
=264  \4$c1970
=300  \\$a1 online resource (xviii, 191 pages) :$billustrations
=336  \\$atext$btxt$2rdacontent
=337  \\$acomputer$bc$2rdamedia
=338  \\$aonline resource$bcr$2rdacarrier
=500  \\$a"A thesis submitted to the Faculty of Graduate Studies and Research in partial fulfilment of the requirements for the degree of Doctor of Philosophy, Department of Microbiology."
=502  \\$bPh. D.$cUniversity of Alberta$d1970.
=504  \\$aIncludes bibliographical references (pages 180-190).
=650  \0$aPseudomonas aeruginosa.
=650  \0$aExonucleases.
=650  \0$aPhosphatases.
=710  2\$aUniversity of Alberta.$bDepartment of Microbiology.
=900  \\$aNK06691
=949  \\$zUAIN$zETHESIS

