=LDR  01302ntm a2200337Ii 4500
=001  uab09275280
=003  UAB
=005  20141003061339.0
=006  m|||||o||d||||||||
=007  cr||||||||||||
=008  141003t19711971xx\ad\\\obm\\\000\0\eng\d
=040  \\$aUAB$beng$erda$cUAB
=050  \4$aQP262$b.H63 1971
=090  \\$aInternet Access$bAEU
=100  1\$aHodgson, Barrie John,$eauthor.
=245  10$aAssociation between ion movements, electrical events, and the actions of drugs on the isolated rat myometrium /$cby Barrie John Hodgson.
=264  \1$c[1971]
=264  \4$c1971
=300  \\$a1 online resource (188 pages) :$billustrations
=336  \\$atext$btxt$2rdacontent
=337  \\$acomputer$bc$2rdamedia
=338  \\$aonline resource$bcr$2rdacarrier
=500  \\$a"A thesis submitted to the Faculty of Graduate Studies and Research in partial fulfilment of the requirements for the degree of Doctor of Philosophy, Department of Pharmacology."
=502  \\$bPh. D.$cUniversity of Alberta$d1971.
=504  \\$aIncludes bibliographical references (pages [169]-188).
=650  \0$aMyometrium$xPhysiology.
=650  \0$aRats.
=650  \0$aAnimal models in research.
=650  \0$aPsychopharmacology.
=710  2\$aUniversity of Alberta.$bDepartment of Pharmacology.
=900  \\$aNK09364
=949  \\$zUAIN$zETHESIS

