=LDR  01207ntm a2200325Ii 4500
=001  uab09274909
=003  UAB
=005  20141002153906.0
=006  m|||||o||d||||||||
=007  cr||||||||||||
=008  141002t19691969xx\ad\\\obm\\\000\0\eng\d
=040  \\$aUAB$beng$erda$cUAB
=050  \4$aQP609.A3$bW65 1969
=090  \\$aInternet Access$bAEU
=100  1\$aWolowyk, Michael Walter,$eauthor.
=245  10$aATPase activity and sodium exchange in the rabbit aorta /$cby Michael Walter Wolowyk.
=264  \1$c[1969]
=264  \4$c1969
=300  \\$a1 online resource (xi, 211 pages) :$billustrations
=336  \\$atext$btxt$2rdacontent
=337  \\$acomputer$bc$2rdamedia
=338  \\$aonline resource$bcr$2rdacarrier
=500  \\$a"A thesis submitted to the Faculty of Graduate Studies and Research in partial fulfilment of the requirements for the degree of Doctor of Philosophy, Department of Pharmacology."
=502  \\$bPh. D.$cUniversity of Alberta$d1969.
=504  \\$aIncludes bibliographical references (pages 197-211).
=650  \0$aAdenosine triphosphatase.
=650  \0$aAorta.
=650  \0$aRabbits.
=710  2\$aUniversity of Alberta.$bDepartment of Pharmacology.
=900  \\$aNK04991
=949  \\$zUAIN$zETHESIS

