=LDR  01296ntm a2200349Ii 4500
=001  uab09274588
=003  UAB
=005  20141001185500.0
=006  m|||||o||d||||||||
=007  cr||||||||||||
=008  141001t19691969xx\ad\\\obm\\\000\0\eng\d
=040  \\$aUAB$beng$erda$cUAB
=050  \4$aQP321$b.V67 1969
=090  \\$aInternet Access$bAEU
=100  1\$aVos, Evert Cornelis,$eauthor.
=245  14$aThe potassium induced increase in metabolism and the mechanical threshold in frog skeletal muscle /$cby Evert Cornelis Vos.
=264  \1$c[1969]
=264  \4$c1969
=300  \\$a1 online resource (170 pages) :$billustrations
=336  \\$atext$btxt$2rdacontent
=337  \\$acomputer$bc$2rdamedia
=338  \\$aonline resource$bcr$2rdacarrier
=500  \\$a"A thesis submitted to the Faculty of Graduate Studies and Research in partial fulfilment of the requirements for the degree of Doctor of Philosophy, Department of Pharmacology."
=502  \\$bPh. D.$cUniversity of Alberta$d1969.
=504  \\$aIncludes bibliographical references (pages 154-170).
=650  \0$aMuscles.
=650  \0$aElasticity.
=650  \0$aMuscle contraction.
=650  \0$aPotassium in the body.
=650  \0$aFrogs.
=710  2\$aUniversity of Alberta.$bDepartment of Pharmacology.
=900  \\$aNK04989
=949  \\$zUAIN$zETHESIS

