=LDR  01247ntm a2200337Ii 4500
=001  uab09274886
=003  UAB
=005  20141002151857.0
=006  m|||||o||d||||||||
=007  cr||||||||||||
=008  141002t19691969xx\ad\\\obm\\\000\0\eng\d
=040  \\$aUAB$beng$erda$cUAB
=050  \4$aQP535.N2$bT39 1969
=090  \\$aInternet Access$bAEU
=100  1\$aTaylor, Grahame Stanley,$eauthor.
=245  14$aThe nature of sodium pumping in pregnant rat uterus /$cby Grahame Stanley Taylor.
=264  \1$c[1969]
=264  \4$c1969
=300  \\$a1 online resource (xiii, 173 pages) :$billustrations
=336  \\$atext$btxt$2rdacontent
=337  \\$acomputer$bc$2rdamedia
=338  \\$aonline resource$bcr$2rdacarrier
=500  \\$a"A thesis submitted to the Faculty of Graduate Studies and Research in partial fulfilment of the requirements for the degree of Doctor of Philosophy, Department of Pharmacology."
=502  \\$bPh. D.$cUniversity of Alberta$d1969.
=504  \\$aIncludes bibliographical references (pages 161-173).
=650  \0$aSodium in the body.
=650  \0$aPotassium in the body.
=650  \0$aUterus.
=650  \0$aRats$xPregnancy.
=710  2\$aUniversity of Alberta.$bDepartment of Pharmacology.
=900  \\$aNK04981
=949  \\$zUAIN$zETHESIS

