=LDR  01336ntm a2200337Ii 4500
=001  uab09277615
=003  UAB
=005  20141013062259.0
=006  m|||||o||d||||||||
=007  cr||||||||||||
=008  141013t19751975xx\ad\\\obm\\\000\0\eng\d
=040  \\$aUAB$beng$erda$cUAB
=050  \4$aQP801.H5$bK46 1975
=090  \\$aInternet Access$bAEU
=100  1\$aKenakin, Terrence Peter,$eauthor.
=245  10$aBlockade of histamine-induced contractions of intestinal smooth muscle by [beta]-Haloalkylamines /$cby Terrence Peter Kenakin.
=264  \1$c[1975]
=264  \4$c1975
=300  \\$a1 online resource (xix, 218 pages) :$billustrations
=336  \\$atext$btxt$2rdacontent
=337  \\$acomputer$bc$2rdamedia
=338  \\$aonline resource$bcr$2rdacarrier
=500  \\$a"A thesis submitted to the Faculty of Graduate Studies and Research in partial fulfilment of the requirements for the degree of Doctor of Philosophy, Department of Pharmacology."
=502  \\$bPh. D.$cUniversity of Alberta$d1975.
=504  \\$aIncludes bibliographical references (pages 175-[192]).
=650  \0$aHistamine$xPhysiological effect.
=650  \0$aHistamine$xReceptors.
=650  \0$aMuscle contractions.
=650  \0$aGuinea pigs as laboratory animals.
=710  2\$aUniversity of Alberta.$bDepartment of Pharmacology.
=900  \\$aNK26796
=949  \\$zUAIN$zETHESIS

