=LDR  01203ntm a2200313Ii 4500
=001  uab09274550
=003  UAB
=005  20141001172302.0
=006  m|||||o||d||||||||
=007  cr||||||||||||
=008  141001t19691969xx\ad\\\obm\\\000\0\eng\d
=040  \\$aUAB$beng$erda$cUAB
=050  \4$aRM315$b.J43 1969
=090  \\$aInternet Access$bAEU
=100  1\$aJhamandas, Khem,$eauthor.
=245  14$aThe anesthetic properties of drugs which act in the central nervous system /$cby Khem Jhamandas.
=264  \1$c[1969]
=264  \4$c1969
=300  \\$a1 online resource (192 pages) :$billustrations
=336  \\$atext$btxt$2rdacontent
=337  \\$acomputer$bc$2rdamedia
=338  \\$aonline resource$bcr$2rdacarrier
=500  \\$a"A thesis submitted to the Faculty of Graduate Studies and Research in partial fulfilment of the requirements for the degree of Doctor of Philosophy, Department of Pharmacology."
=502  \\$bPh. D.$cUniversity of Alberta$d1969.
=504  \\$aIncludes bibliographical references (pages 180-192).
=650  \0$aCentral nervous system$xEffect of drugs on.
=650  \0$aAnesthetics.
=710  2\$aUniversity of Alberta.$bDepartment of Pharmacology.
=900  \\$aNK04940
=949  \\$zUAIN$zETHESIS

