=LDR  01237ntm a2200313Ii 4500
=001  uab09277178
=003  UAB
=005  20141009192301.0
=006  m|||||o||d||||||||
=007  cr||||||||||||
=008  141009t19741974xx\ad\\\obm\\\000\0\eng\d
=040  \\$aUAB$beng$erda$cUAB
=050  \4$aQP364.5$b.K43 1974
=090  \\$aInternet Access$bAEU
=100  1\$aKhatter, Jagdish G.,$eauthor.
=245  10$aEffects of preganglionic stimulation and hemicholinium no. 3 on cholinergic mechanisms in a sympathetic ganglion /$cby Jagdish C. Khatter.
=264  \1$c[1974]
=264  \4$c1974
=300  \\$a1 online resource (xv, 135 pages) :$billustrations
=336  \\$atext$btxt$2rdacontent
=337  \\$acomputer$bc$2rdamedia
=338  \\$aonline resource$bcr$2rdacarrier
=500  \\$a"A thesis submitted to the Faculty of Graduate Studies and Research in partial fulfilment of the requirements for the degree of Doctor of Philosophy, Department of Pharmacology."
=502  \\$bPh. D.$cUniversity of Alberta$d1974.
=504  \\$aIncludes bibliographical references (pages 127-135).
=650  \0$aNeural transmission.
=650  \0$aNeural receptors.
=710  2\$aUniversity of Alberta.$bDepartment of Pharmacology.
=900  \\$aNK21042
=949  \\$zUAIN$zETHESIS

