=LDR  01241ntm a2200313Ii 4500
=001  uab09277096
=003  UAB
=005  20141009165504.0
=006  m|||||o||d||||||||
=007  cr||||||||||||
=008  141009t19741974xx\ad\\\obm\\\000\0\eng\d
=040  \\$aUAB$beng$erda$cUAB
=050  \4$aQD305.A2$bS46 1974
=090  \\$aInternet Access$bAEU
=100  1\$aSemaka, Frank David,$eauthor.
=245  10$aHypotensive hydroxamic acids /$cby Frank David Semaka.
=264  \1$c[1974]
=264  \4$c1974
=300  \\$a1 online resource (xviii, 267 pages) :$billustrations
=336  \\$atext$btxt$2rdacontent
=337  \\$acomputer$bc$2rdamedia
=338  \\$aonline resource$bcr$2rdacarrier
=500  \\$a"A thesis submitted to the Faculty of Graduate Studies and Research in partial fulfilment of the requirements for the degree of Doctor of Philosophy in Pharmaceutical Chemistry, Department : Faculty of Pharmacy and Pharmaceutical Sciences."
=502  \\$bPh. D.$cUniversity of Alberta$d1974.
=504  \\$aIncludes bibliographical references (pages 255-267).
=650  \0$aHydroxamic acids.
=650  \0$aHypotensive agents.
=710  2\$aUniversity of Alberta.$bDepartment of Pharmacy and Pharmaceutical Sciences.
=900  \\$aNK21106
=949  \\$zUAIN$zETHESIS

