=LDR  01265ntm a2200325Ii 4500
=001  uab09275971
=003  UAB
=005  20141007111930.0
=006  m|||||o||d||||||||
=007  cr||||||||||||
=008  141007t19721972xx\ad\\\obm\\\000\0\eng\d
=040  \\$aUAB$beng$erda$cUAB
=050  \4$aQP88.15$b.B66 1972
=090  \\$aInternet Access$bAEU
=100  1\$aBooth, Michael Anthony,$eauthor.
=245  14$aThe effects of physical training upon fat cell size and number in adipose tissue of the rat /$cby Michael Anthony Booth.
=264  \1$c[1972]
=264  \4$c1972
=300  \\$a1 online resource (<124 [i.e., 129] pages>) :$billustrations
=336  \\$atext$btxt$2rdacontent
=337  \\$acomputer$bc$2rdamedia
=338  \\$aonline resource$bcr$2rdacarrier
=500  \\$a"A thesis submitted to the Faculty of Graduate Studies and Research in partial fulfilment of the requirements for the degree of Doctor of Philosophy, Department of Physical Education."
=502  \\$bPh. D.$cUniversity of Alberta$d1972.
=504  \\$aIncludes bibliographical references (pages 80-93).
=650  \0$aFat cells.
=650  \0$aAdipose tissues.
=650  \0$aPhysical fitness.
=710  2\$aUniversity of Alberta.$bDepartment of Physical Education.
=900  \\$aNK13305
=949  \\$zUAIN$zETHESIS

