=LDR  01304ntm a2200325Ii 4500
=001  uab09275471
=003  UAB
=005  20141004091536.0
=006  m|||||o||d||||||||
=007  cr||||||||||||
=008  141004t19711971xx\ad\\\obm\\\000\0\eng\d
=040  \\$aUAB$beng$erda$cUAB
=050  \4$aBF724.3.C63$bW36 1971
=090  \\$aInternet Access$bAEU
=100  1\$aWankel, Leonard M.,$eauthor.
=245  10$aCompetition in motor performance :$ban experimental analysis of motivational components /$cby Leonard Manley Wankel.
=264  \1$c[1971]
=264  \4$c1971
=300  \\$a1 online resource (ix, 124 pages) :$billustrations
=336  \\$atext$btxt$2rdacontent
=337  \\$acomputer$bc$2rdamedia
=338  \\$aonline resource$bcr$2rdacarrier
=500  \\$a"A thesis submitted to the Faculty of Graduate Studies and Research in partial fulfilment of the requirements for the degree of Doctor of Philosophy, Department of Physical Education."
=502  \\$bPh. D.$cUniversity of Alberta$d1971.
=504  \\$aIncludes bibliographical references (pages [72]-80).
=650  \0$aCompetition (Psychology) in adolescence.
=650  \0$aExercise$xPsychological aspects.
=650  \0$aMotivation (Psychology)
=710  2\$aUniversity of Alberta.$bDepartment of Physical Education.
=900  \\$aNK09658
=949  \\$zUAIN$zETHESIS

