=LDR  01273ntm a2200337Ii 4500
=001  uab09275991
=003  UAB
=005  20141007114513.0
=006  m|||||o||d||||||||
=007  cr||||||||||||
=008  141007t19721972xx\ad\\\obm\\\000\0\eng\d
=040  \\$aUAB$beng$erda$cUAB
=050  \4$aQP445$b.B83 1972
=090  \\$aInternet Access$bAEU
=100  1\$aBuckolz, Eric Ernest,$eauthor.
=245  10$aTowards an understanding of temporal uncertainty /$cby Eric Ernest Buckolz.
=264  \1$c[1972]
=264  \4$c1972
=300  \\$a1 online resource ([xiv], 176 pages) :$billustrations
=336  \\$atext$btxt$2rdacontent
=337  \\$acomputer$bc$2rdamedia
=338  \\$aonline resource$bcr$2rdacarrier
=500  \\$a"A thesis submitted to the Faculty of Graduate Studies and Research in partial fulfilment of the requirements for the degree of Doctor of Philosophy, Department of Physical Education."
=502  \\$bPh. D.$cUniversity of Alberta$d1972.
=504  \\$aIncludes bibliographical references (pages 125-129).
=590  \\$aLibrary copy imperfect: pages 131, 132 scanned twice.
=650  \0$aTime perception.
=650  \0$aTime.
=650  \0$aReaction time.
=710  2\$aUniversity of Alberta.$bDepartment of Physical Education.
=900  \\$aNK13317
=949  \\$zUAIN$zETHESIS

