=LDR  01503ntm a2200385Ii 4500
=001  uab09277644
=003  UAB
=005  20141013062259.0
=006  m|||||o||d||||||||
=007  cr||||||||||||
=008  141013t19751975xx\ab\\\obm\\\000\0\eng\d
=040  \\$aUAB$beng$erda$cUAB
=043  \\$ae-uk-en$ae-uk-wl
=050  \4$aGV76.E5$bS38 1975
=090  \\$aInternet Access$bAEU
=100  1\$aSchuttleworth, James John,$eauthor.
=245  10$aCommunity education and recreation in England and Wales :$bthe derivation of a general approach /$cby James John Shuttleworth.
=264  \1$c[1975]
=264  \4$c1975
=300  \\$a1 online resource (xiii, 532 pages) :$billustrations, maps
=336  \\$atext$btxt$2rdacontent
=337  \\$acomputer$bc$2rdamedia
=338  \\$aonline resource$bcr$2rdacarrier
=500  \\$a"A thesis submitted to the Faculty of Graduate Studies and Research in partial fulfilment of the requirements for the degree of Doctor of Philosophy, Department of Physical Education."
=502  \\$bPh. D.$cUniversity of Alberta$d1975.
=504  \\$aIncludes bibliographical references (pages 400-438).
=590  \\$aLibrary copy imperfect: unreadable text throughout.
=650  \0$aRecreation$zEngland.
=650  \0$aPublic welfare$zEngland.
=650  \0$aRecreation$zWales.
=650  \0$aPublic welfare$zWales.
=650  \0$aRecreation centers.
=650  \0$aCommunity centers.
=710  2\$aUniversity of Alberta.$bDepartment of Physical Education.
=900  \\$aNK26915
=949  \\$zUAIN$zETHESIS

