=LDR  01224ntm a2200325Ii 4500
=001  uab09277319
=003  UAB
=005  20141010121201.0
=006  m|||||o||d||||||||
=007  cr||||||||||||
=008  141010t19741974xx\ad\\\obm\\\000\0\eng\d
=040  \\$aUAB$beng$erda$cUAB
=050  \4$aQC454.B39$bL58 1974
=090  \\$aInternet Access$bAEU
=100  1\$aLivingston, Arthur Eugene,$eauthor.
=245  10$aBeam-foil investigations of atomic oscillator strengths /$cby Arthur Eugene Livingston.
=264  \1$c[1974]
=264  \4$c1974
=300  \\$a1 online resource (xv, [193] pages) :$billustrations
=336  \\$atext$btxt$2rdacontent
=337  \\$acomputer$bc$2rdamedia
=338  \\$aonline resource$bcr$2rdacarrier
=500  \\$a"A thesis submitted to the Faculty of Graduate Studies and Research in partial fulfilment of the requirements for the degree of Doctor of Philosophy, Department of Physics."
=502  \\$bPh. D.$cUniversity of Alberta$d1974.
=504  \\$aIncludes bibliographical references (pages 174-183).
=650  \0$aBeam-foil spectroscopy.
=650  \0$aAtomic spectra.
=650  \0$aOscillator strengths.
=710  2\$aUniversity of Alberta.$bDepartment of Physics.
=900 \\$aNK21886
=949  \\$zUAIN$zETHESIS

