=LDR  01149ntm a2200313Ii 4500
=001  uab09276522
=003  UAB
=005  20141004091536.0
=006  m|||||o||d||||||||
=007  cr||||||||||||
=008  141004t19711971xx\ad\\\obm\\\000\0\eng\d
=040  \\$aUAB$beng$erda$cUAB
=050  \4$aQC794.6.S3$bW66 1971
=090  \\$aInternet Access$bAEU
=100  1\$aWong, Nan-Nyoh,$eauthor.
=245  10$aTopics in scattering theory and Veneziano model /$cby Nan-Nyoh Wong.
=264  \1$c[1971]
=264  \4$c1971
=300  \\$a1 online resource (93 pages) :$billustrations
=336  \\$atext$btxt$2rdacontent
=337  \\$acomputer$bc$2rdamedia
=338  \\$aonline resource$bcr$2rdacarrier
=500  \\$a"A thesis submitted to the Faculty of Graduate Studies and Research in partial fulfilment of the requirements for the degree of Doctor of Philosophy, Department of Physics."
=502  \\$bPh. D.$cUniversity of Alberta$d1971.
=504  \\$aIncludes bibliographical references (pages 90-92).
=650  \0$aScattering (Physics)
=650  \0$aMesons$xScattering.
=710  2\$aUniversity of Alberta.$bDepartment of Physics.
=900  \\$aNK09661
=949  \\$zUAIN$zETHESIS

