=LDR  01183ntm a2200313Ii 4500
=001  uab09277321
=003  UAB
=005  20141010121320.0
=006  m|||||o||d||||||||
=007  cr||||||||||||
=008  141010t19741974xx\ad\\\obm\\\000\0\eng\d
=040  \\$aUAB$beng$erda$cUAB
=050  \4$aQC793.3.N82$bW45 1974
=090  \\$aInternet Access$bAEU
=100  1\$aWhite, David Cecil Sheriff,$eauthor.
=245  14$aThe measurement of subnanosecond nuclear lifetimes /$cby David Cecil Sheriff White.
=264  \1$c[1974]
=264  \4$c1974
=300  \\$a1 online resource (xviii, 249 pages) :$billustrations
=336  \\$atext$btxt$2rdacontent
=337  \\$acomputer$bc$2rdamedia
=338  \\$aonline resource$bcr$2rdacarrier
=500  \\$a"A thesis submitted to the Faculty of Graduate Studies and Research in partial fulfilment of the requirements for the degree of Doctor of Philosophy, Department of Physics."
=502  \\$bPh. D.$cUniversity of Alberta$d1974.
=504  \\$aIncludes bibliographical references (pages 216-222).
=650  \0$aNuclear molecules.
=650  \0$aElectromagnetism.
=710  2\$aUniversity of Alberta.$bDepartment of Physics.
=900  \\$aNK22004
=949  \\$zUAIN$zETHESIS

