=LDR  01149ntm a2200313Ii 4500
=001  uab09275190
=003  UAB
=005  20141003110207.0
=006  m|||||o||d||||||||
=007  cr||||||||||||
=008  141003t19711971xx\ad\\\obm\\\000\0\eng\d
=040  \\$aUAB$beng$erda$cUAB
=050  \4$aQC462.O1$bL56 1971
=090  \\$aInternet Access$bAEU
=100  1\$aLin, Chii-Chan,$eauthor.
=245  10$aBeam-foil studies of the oxygen spectrum /$cby Chii-Chan Lin.
=264  \1$c[1971]
=264  \4$c1971
=300  \\$a1 online resource (vii, 121 pages) :$billustrations
=336  \\$atext$btxt$2rdacontent
=337  \\$acomputer$bc$2rdamedia
=338  \\$aonline resource$bcr$2rdacarrier
=500  \\$a"A thesis submitted to the Faculty of Graduate Studies and Research in partial fulfillment of the requirements for the degree of Doctor of Philosophy, Department of Physics."
=502  \\$bPh. D.$cUniversity of Alberta$d1971.
=504  \\$aIncludes bibliographical references (pages 110-115).
=650  \0$aOxygen$xSpectra.
=650  \0$aBeam-foil spectroscopy.
=710  2\$aUniversity of Alberta.$bDepartment of Physics.
=900  \\$aNK09609
=949  \\$zUAIN$zETHESIS

