=LDR  01178ntm a2200313Ii 4500
=001  uab09275345
=003  UAB
=005  20141003061339.0
=006  m|||||o||d||||||||
=007  cr||||||||||||
=008  141003t19711971xx\\\\\\obm\\\000\0\eng\d
=040  \\$aUAB$beng$erda$cUAB
=050  \4$aQC174.45$b.D67 1971
=090  \\$aInternet Access$bAEU
=100  1\$aDormuth, Kenneth Wayne,$eauthor.
=245  10$aHyperquantization of spin 1/2 and spin 3/2 electromagnetic interactions /$cby Kenneth Wayne Dormuth.
=264  \1$c[1971]
=264  \4$c1971
=300  \\$a1 online resource (85 pages)
=336  \\$atext$btxt$2rdacontent
=337  \\$acomputer$bc$2rdamedia
=338  \\$aonline resource$bcr$2rdacarrier
=500  \\$a"A thesis submitted to the Faculty of Graduate Studies and Research in partial fulfilment of the requirements for the degree of Doctor of Philosophy, Department of Physics."
=502  \\$bPh. D.$cUniversity of Alberta$d1971.
=504  \\$aIncludes bibliographical references (page 85).
=650  \0$aQuantum field theory.
=650  \0$aElectromagnetic interactions.
=710  2\$aUniversity of Alberta.$bDepartment of Physics.
=900  \\$aNK09589
=949  \\$zUAIN$zETHESIS

