=LDR  01200ntm a2200325Ii 4500
=001  uab09276389
=003  UAB
=005  20141008122228.0
=006  m|||||o||d||||||||
=007  cr||||||||||||
=008  141008t19721972xx\ad\\\obm\\\000\0\eng\d
=040  \\$aUAB$beng$erda$cUAB
=050  \4$aQC793.5.E62$bS46 1972
=090  \\$aInternet Access$bAEU
=100  1\$aSemary, Mohammad Abdalla,$eauthor.
=245  10$aNormal tunneling into magnetic junctions /$cby Mohammad Abdalla Semary.
=264  \1$c[1972]
=264  \4$c1972
=300  \\$a1 online resource (117 pages) :$billustrations
=336  \\$atext$btxt$2rdacontent
=337  \\$acomputer$bc$2rdamedia
=338  \\$aonline resource$bcr$2rdacarrier
=500  \\$a"A thesis submitted to the Faculty of Graduate Studies and Research in partial fulfilment of the requirements for the degree of Doctor of Philosophy, Department of Physics."
=502  \\$bPh. D.$cUniversity of Alberta$d1972.
=504  \\$aIncludes bibliographical references (pages 113-117).
=650  \0$aConduction electrons.
=650  \0$aMagnetic alloys.
=650  \0$aTunneling (Physics)
=710  2\$aUniversity of Alberta.$bDepartment of Physics.
=900  \\$aNK13565
=949  \\$zUAIN$zETHESIS

