=LDR  01112ntm a2200313Ii 4500
=001  uab09276427
=003  UAB
=005  20141008131905.0
=006  m|||||o||d||||||||
=007  cr||||||||||||
=008  141008t19721972xx\\\\\\obm\\\000\0\eng\d
=040  \\$aUAB$beng$erda$cUAB
=050  \4$aQC174.26.W28$bS53 1972
=090  \\$aInternet Access$bAEU
=100  1\$aShamaly, Ahmad,$eauthor.
=245  10$aHigher spin field interactions /$cby Ahmad Shamaly.
=264  \1$c[1972]
=264  \4$c1972
=300  \\$a1 online resource (iv, 119 pages)
=336  \\$atext$btxt$2rdacontent
=337  \\$acomputer$bc$2rdamedia
=338  \\$aonline resource$bcr$2rdacarrier
=500  \\$a"A thesis submitted to the Faculty of Graduate Studies and Research in partial fulfilment of the requirements for the degree of Doctor of Philosophy, Department of Physics."
=502  \\$bPh. D.$cUniversity of Alberta$d1972.
=504  \\$aIncludes bibliographical references (pages 116-119).
=650  \0$aWave equation.
=650  \0$aNuclear spin.
=710  2\$aUniversity of Alberta.$bDepartment of Physics.
=900  \\$aNK13567
=949  \\$zUAIN$zETHESIS

