=LDR  01267ntm a2200325Ii 4500
=001  uab09275359
=003  UAB
=005  20141003170750.0
=006  m|||||o||d||||||||
=007  cr||||||||||||
=008  141003t19701970xx\abd\\obm\\\000\0\eng\d
=040  \\$aUAB$beng$erda$cUAB
=043  \\$an-cn-ab
=050  \4$aTN269$b.R43 1970
=090  \\$aInternet Access$bAEU
=100  1\$aReddy, Indupuru Kota,$eauthor.
=245  10$aMagnetotelluric sounding in central Alberta /$cby Indupuru Kota Reddy.
=264  \1$c[1970]
=264  \4$c1970
=300  \\$a1 online resource (1 volume (various pagings)) :$billustrations, maps
=336  \\$atext$btxt$2rdacontent
=337  \\$acomputer$bc$2rdamedia
=338  \\$aonline resource$bcr$2rdacarrier
=500  \\$a"A thesis submitted to the Faculty of Graduate Studies and Research in partial fulfilment of the requirements for the degree of Doctor of Philosophy, Department of Physics."
=502  \\$bPh. D.$cUniversity of Alberta$d1970.
=504  \\$aIncludes bibliographical references (pages 151-162).
=590  \\$aLibrary copy imperfect: Figures 1.3, 4.2a, 5.7, 5.8 scanned twice.
=650  \0$aMagnetotelluric prospecting$zAlberta.
=710  2\$aUniversity of Alberta.$bDepartment of Physics.
=900  \\$aNK06750
=949  \\$zUAIN$zETHESIS

