=LDR  01193ntm a2200325Ii 4500
=001  uab09275924
=003  UAB
=005  20141007095128.0
=006  m|||||o||d||||||||
=007  cr||||||||||||
=008  141007t19711971xx\ad\\\obm\\\000\0\eng\d
=040  \\$aUAB$beng$erda$cUAB
=050  \4$aQD181.C9$bT39 1971
=090  \\$aInternet Access$bAEU
=100  1\$aTaylor, John Charles Wood,$eauthor.
=245  10$aLuminescence and excitons in cuprous oxide /$cby John Charles Wood Taylor.
=264  \1$c[1971]
=264  \4$c1971
=300  \\$a1 online resource (xiii, 121 pages) :$billustrations
=336  \\$atext$btxt$2rdacontent
=337  \\$acomputer$bc$2rdamedia
=338  \\$aonline resource$bcr$2rdacarrier
=500  \\$a"A thesis submitted to the Faculty of Graduate Studies and Research in partial fulfilment of the requirements for the degree of Doctor of Philosophy, Department of Physics."
=502  \\$bPh. D.$cUniversity of Alberta$d1971.
=504  \\$aIncludes bibliographical references (pages 118-121).
=650  \0$aCuprous oxide.
=650  \0$aLuminescence.
=650  \0$aExciton theory.
=710  2\$aUniversity of Alberta.$bDepartment of Physics.
=900  \\$aNK08128
=949  \\$zUAIN$zETHESIS

