=LDR  01281ntm a2200349Ii 4500
=001  uab09277110
=003  UAB
=005  20141009171007.0
=006  m|||||o||d||||||||
=007  cr||||||||||||
=008  141009t19741974xx\abd\\obm\\\000\0\eng\d
=040  \\$aUAB$beng$erda$cUAB
=043  \\$ax------
=050  \4$aQE534.2$b.G88 1974
=090  \\$aInternet Access$bAEU
=100  1\$aGutowski, Paul Ramsden Henryk,$eauthor.
=245  10$aSeismic array investigations of the upper and lower mantle /$cby Paul Ramsden Henryk Gutowski.
=264  \1$c[1974]
=264  \4$c1974
=300  \\$a1 online resource (xii, 134 pages) :$billustrations, maps
=336  \\$atext$btxt$2rdacontent
=337  \\$acomputer$bc$2rdamedia
=338  \\$aonline resource$bcr$2rdacarrier
=500  \\$a"A thesis submitted to the Faculty of Graduate Studies and Research in partial fulfilment of the requirements for the degree of Doctor of Philosophy, Department of Physics."
=502  \\$bPh. D.$cUniversity of Alberta$d1974.
=504  \\$aIncludes bibliographical references (pages 110-119).
=650  \0$aSeismology.
=650  \0$aSeismic arrays.
=651  \0$aEarth (Planet)$xMantle.
=650  \0$aGeophysics.
=710  2\$aUniversity of Alberta.$bDepartment of Physics.
=900  \\$aNK21021
=949  \\$zUAIN$zETHESIS

