=LDR  01173ntm a2200301Ii 4500
=001  uab09275153
=003  UAB
=005  20141003061339.0
=006  m|||||o||d||||||||
=007  cr||||||||||||
=008  141003t19711971xx\ad\\\obm\\\000\0\eng\d
=040  \\$aUAB$beng$erda$cUAB
=050  \4$aQC485.6$b.J46 1971
=090  \\$aInternet Access$bAEU
=100  1\$aJenkins, Robert W.,$eauthor.
=245  10$aPrimary cosmic ray measurements near sunspot minimum with a cerenkov-scintillation system /$cby Robert W. Jenkins.
=264  \1$c[1971]
=264  \4$c1971
=300  \\$a1 online resource (ix, 139 pages) :$billustrations
=336  \\$atext$btxt$2rdacontent
=337  \\$acomputer$bc$2rdamedia
=338  \\$aonline resource$bcr$2rdacarrier
=500  \\$a"A thesis submitted to the Faculty of Graduate Studies and Research in partial fulfilment of the requirements for the degree of Doctor of Philosophy, Department of Physics."
=502  \\$bPh. D.$cUniversity of Alberta$d1965.
=504  \\$aIncludes bibliographical references (pages 137-139).
=650  \0$aCosmic rays$xMeasurement.
=710  2\$aUniversity of Alberta.$bDepartment of Physics.
=900  \\$aNK08474
=949  \\$zUAIN$zETHESIS

