=LDR  01225ntm a2200325Ii 4500
=001  uab09277634
=003  UAB
=005  20141013062259.0
=006  m|||||o||d||||||||
=007  cr||||||||||||
=008  141013t19751975xx\ad\\\obm\\\000\0\eng\d
=040  \\$aUAB$beng$erda$cUAB
=050  \4$aQC670$b.N37 1975
=090  \\$aInternet Access$bAEU
=100  1\$aNash, Richard Gary,$eauthor.
=245  13$aAn investigation of a nonlinear modification of Maxwell's equations /$cby Richard Gary Nash.
=264  \1$c[1975]
=264  \4$c1975
=300  \\$a1 online resource (x, 116 pages) :$billustrations
=336  \\$atext$btxt$2rdacontent
=337  \\$acomputer$bc$2rdamedia
=338  \\$aonline resource$bcr$2rdacarrier
=500  \\$a"A thesis submitted to the Faculty of Graduate Studies and Research in partial fulfilment of the requirements for the degree of Doctor of Philosophy, Department of Physics."
=502  \\$bPh. D.$cUniversity of Alberta$d1975.
=504  \\$aIncludes bibliographical references (pages 99-101).
=650  \0$aMaxwell equations.
=650  \0$aElectromagnetism.
=650  \0$aDifferential equations, Nonlinear.
=710  2\$aUniversity of Alberta.$bDepartment of Physics.
=900  \\$aNK26860
=949  \\$zUAIN$zETHESIS

