=LDR  01212ntm a2200337Ii 4500
=001  uab09277639
=003  UAB
=005  20141013062259.0
=006  m|||||o||d||||||||
=007  cr||||||||||||
=008  141013t19751975xx\ad\\\obm\\\000\0\eng\d
=040  \\$aUAB$beng$erda$cUAB
=050  \4$aQD461$b.P36 1975
=090  \\$aInternet Access$bAEU
=100  1\$aPang, Peter H. L.,$eauthor.
=245  10$aStudies of "forbidden" transitions in np[superscript 4] elements /$cby Peter H.L. Pang.
=264  \1$c[1975]
=264  \4$c1975
=300  \\$a1 online resource (xii, 251 pages) :$billustrations
=336  \\$atext$btxt$2rdacontent
=337  \\$acomputer$bc$2rdamedia
=338  \\$aonline resource$bcr$2rdacarrier
=500  \\$a"A thesis submitted to the Faculty of Graduate Studies and Research in partial fulfilment of the requirements for the degree of Doctor of Philosophy, Department of Physics."
=502  \\$bPh. D.$cUniversity of Alberta$d1975.
=504  \\$aIncludes bibliographical references (pages 242-251).
=650  \0$aMolecular dynamics.
=650  \0$aOxygen.
=650  \0$aSulfur.
=650  \0$aSelenium.
=710  2\$aUniversity of Alberta.$bDepartment of Physics.
=900  \\$aNK26881
=949  \\$zUAIN$zETHESIS

