=LDR  01327ntm a2200325Ii 4500
=001  uab09277662
=003  UAB
=005  20141013095049.0
=006  m|||||o||d||||||||
=007  cr||||||||||||
=008  141013t19781978xx\ad\\\obm\\\000\0\eng\d
=040  \\$aUAB$beng$erda$cUAB
=050  \4$aQC176.8.M48$bS77 1974
=090  \\$aInternet Access$bAEU
=100  1\$aStraus, Jozef,$eauthor.
=245  10$aSome tunneling studies in normal metal-insulator-metal junctions /$cby Jozef Straus.
=264  \1$c[1978]
=264  \4$c1978
=300  \\$a1 online resource (1 volume (various pagings)) :$billustrations
=336  \\$atext$btxt$2rdacontent
=337  \\$acomputer$bc$2rdamedia
=338  \\$aonline resource$bcr$2rdacarrier
=500  \\$a"A thesis submitted to the Faculty of Graduate Studies and Research in partial fulfilment of the requirements for the degree of Doctor of Philosophy in Physics, Department of Physics."
=502  \\$bPh. D.$cUniversity of Alberta$d1974.
=504  \\$aIncludes bibliographical references (pages 212-218).
=590  \\$aLibrary copy imperfect: blank page after pages 110, 112, 114, 188; pages 219-225, 227-229 not microfilmed.
=650  \0$aMetal-insulator transitions.
=650  \0$aTunneling (Physics)
=710  2\$aUniversity of Alberta.$bDepartment of Physics.
=900  \\$aNK21985
=949  \\$zUAIN$zETHESIS

