=LDR  01241ntm a2200325Ii 4500
=001  uab09275102
=003  UAB
=005  20141002052348.0
=006  m|||||o||d||||||||
=007  cr||||||||||||
=008  141002t19691969xx\abd\\obm\\\000\0\eng\d
=040  \\$aUAB$beng$erda$cUAB
=043  \\$an-cn-ab
=050  \4$aTN269.8$b.C56 1969
=090  \\$aInternet Access$bAEU
=100  1\$aClowes, Ronald Martin,$eauthor.
=245  10$aSeismic reflection investigations of crustal structure in southern Alberta /$cby Ronald Martin Clowes.
=264  \1$c[1969]
=264  \4$c1969
=300  \\$a1 online resource (ix, 156 pages) :$billustrations, maps
=336  \\$atext$btxt$2rdacontent
=337  \\$acomputer$bc$2rdamedia
=338  \\$aonline resource$bcr$2rdacarrier
=500  \\$a"A thesis submitted to the Faculty of Graduate Studies and Research in partial fulfilment of the requirements for the degree of Doctor of Philosophy, Department of Physics."
=502  \\$bPh. D.$cUniversity of Alberta$d1969.
=504  \\$aIncludes bibliographical references (pages 118-125).
=650  \0$aSeismic prospecting$zAlberta.
=650  \0$aSeismic reflection method.
=710  2\$aUniversity of Alberta.$bDepartment of Physics.
=900  \\$aNK04926
=949  \\$zUAIN$zETHESIS

