=LDR  01173ntm a2200313Ii 4500
=001  uab09277177
=003  UAB
=005  20141009191814.0
=006  m|||||o||d||||||||
=007  cr||||||||||||
=008  141009t19741974xx\ad\\\obm\\\000\0\eng\d
=040  \\$aUAB$beng$erda$cUAB
=050  \4$aTA418.54$b.K37 1974
=090  \\$aInternet Access$bAEU
=100  1\$aKapoor, Anil,$eauthor.
=245  10$aLattice thermal conductivity of noble metal alloys /$cby Anil Kapoor.
=264  \1$c[1974]
=264  \4$c1974
=300  \\$a1 online resource (xiii, 94 pages) :$billustrations
=336  \\$atext$btxt$2rdacontent
=337  \\$acomputer$bc$2rdamedia
=338  \\$aonline resource$bcr$2rdacarrier
=500  \\$a"A thesis submitted to the Faculty of Graduate Studies and Research in partial fulfilment of the requirements for the degree of Doctor of Philosophy in Physics, Department of Physics."
=502  \\$bPh. D.$cUniversity of Alberta$d1974.
=504  \\$aIncludes bibliographical references (pages 87-89).
=650  \0$aThermal conductivity.
=650  \0$aAlloys$xThermal properties.
=710  2\$aUniversity of Alberta.$bDepartment of Physics.
=900  \\$aNK21039
=949  \\$zUAIN$zETHESIS

