=LDR  01354ntm a2200325Ii 4500
=001  uab09275297
=003  UAB
=005  20141003150741.0
=006  m|||||o||d||||||||
=007  cr||||||||||||
=008  141003t19701970xx\ad\\\obm\\\000\0\eng\d
=040  \\$aUAB$beng$erda$cUAB
=050  \4$aQD181.C7$bC37 1970
=090  \\$aInternet Access$bAEU
=100  1\$aCarola, Toussaint Paul Georges,$eauthor.
=245  10$aExperimental and theoretical studies of 53Cr and 55Fe /$cby Toussaint Paul Georges Carola.
=264  \1$c[1970]
=264  \4$c1970
=300  \\$a1 online resource (126, 34 pages) :$billustrations
=336  \\$atext$btxt$2rdacontent
=337  \\$acomputer$bc$2rdamedia
=338  \\$aonline resource$bcr$2rdacarrier
=500  \\$a"A thesis submitted to the Faculty of Graduate Studies and Research in partial fulfilment of the requirements for the degree of Doctor of Philosophy, Department of Physics."
=500  \\$aIncludes appendix: Corpar : a description of intermediate coupling calculations in the unified model : internal report UAE-NPL-24 / T.P.G. Carola.
=502  \\$bPh. D.$cUniversity of Alberta$d1970.
=504  \\$aIncludes bibliographical references (pages [127]-[131]).
=650  \0$aChromium$xIsotopes.
=650  \0$aIron$xIsotopes.
=710  2\$aUniversity of Alberta.$bDepartment of Physics.
=900  \\$aNK06693
=949  \\$zUAIN$zETHESIS

