=LDR  01285ntm a2200337Ii 4500
=001  uab09274847
=003  UAB
=005  20141002144614.0
=006  m|||||o||d||||||||
=007  cr||||||||||||
=008  141002t19691969xx\ad\\\obm\\\000\0\eng\d
=040  \\$aUAB$beng$erda$cUAB
=050  \4$aQD181.H4$bH78 1969
=090  \\$aInternet Access$bAEU
=100  1\$aHsu, Tung-Hong,$eauthor.
=245  12$aA study of the ([superscript 3]He,n) reaction on some 1p shell nuclei /$cby Tung-Hong Hsu.
=264  \1$c[1969]
=264  \4$c1969
=300  \\$a1 online resource (1 volume (various pagings)) :$billustrations;
=336  \\$atext$btxt$2rdacontent
=337  \\$acomputer$bc$2rdamedia
=338  \\$aonline resource$bcr$2rdacarrier
=500  \\$a"A thesis submitted to the Faculty of Graduate Studies and Research in partial fulfilment of the requirements for the degree of Doctor of Philosophy, Department of Physics."
=502  \\$bPh. D.$cUniversity of Alberta$d1969.
=504  \\$aIncludes bibliographical references (pages [108]-[114]).
=590  \\$aLibrary copy imperfect: pages 8, 107 scanned twice.
=650  \0$aHelium$xIsotopes.
=650  \0$aChemical reactions.
=650  \0$aNeutrons.
=710  2\$aUniversity of Alberta.$bDepartment of Physics.
=900  \\$aNK03848
=949  \\$zUAIN$zETHESIS

