=LDR  01183ntm a2200313Ii 4500
=001  uab09277393
=003  UAB
=005  20141010142745.0
=006  m|||||o||d||||||||
=007  cr||||||||||||
=008  141010t19741974xx\ad\\\obm\\\000\0\eng\d
=040  \\$aUAB$beng$erda$cUAB
=050  \4$aQC176.8.T8$bW75 1974
=090  \\$aInternet Access$bAEU
=100  1\$aWright, Peter W.,$eauthor.
=245  10$aElectron tunnelling into superconductive lead-indium alloys subjected to hydrostatic pressure /$cby Peter W. Wright.
=264  \1$c[1974]
=264  \4$c1974
=300  \\$a1 online resource (xiii, 84 pages) :$billustrations
=336  \\$atext$btxt$2rdacontent
=337  \\$acomputer$bc$2rdamedia
=338  \\$aonline resource$bcr$2rdacarrier
=500  \\$a"A thesis submitted to the Faculty of Graduate Studies and Research in partial fulfilment of the requirements for the degree of Doctor of Philosophy, Department of Physics."
=502  \\$bPh. D.$cUniversity of Alberta$d1974.
=504  \\$aIncludes bibliographical references.
=650  \0$aTunneling (Physics)
=650  \0$aLead alloys.
=710  2\$aUniversity of Alberta.$bDepartment of Physics.
=900  \\$aNK22011
=949  \\$zUAIN$zETHESIS

