=LDR  01320ntm a2200325Ii 4500
=001  uab09275048
=003  UAB
=005  20141002200524.0
=006  m|||||o||d||||||||
=007  cr||||||||||||
=008  141002t19701970xx\ad\\\obm\\\000\0\eng\d
=040  \\$aUAB$beng$erda$cUAB
=050  \4$aSB731$b.Z34 1970
=090  \\$aInternet Access$bAEU
=100  1\$aZafar, Saeed Iqbal,$eauthor.
=245  10$aPycnidia production by Plenodomus meliloti mark.-let. in light and darkness, and related studies on the host metabolism at low temperatures /$cby Saeed Iqbal Zafar.
=264  \1$c[1970]
=264  \4$c1970
=300  \\$a1 online resource (xii, 135, A6 pages) :$billustrations
=336  \\$atext$btxt$2rdacontent
=337  \\$acomputer$bc$2rdamedia
=338  \\$aonline resource$bcr$2rdacarrier
=500  \\$a"A thesis submitted to the Faculty of Graduate Studies and Research in partial fulfilment of the requirements for the degree of Doctor of Philosophy, Department of Plant Science."
=502  \\$bPh. D.$cUniversity of Alberta$d1970.
=504  \\$aIncludes bibliographical references (pages 125-135).
=650  \0$aPhytopathogenic microorganisms.
=650  \0$aPlant-pathogen relationships.
=650  \0$aCoelomycetes.
=710  2\$aUniversity of Alberta.$bDepartment of Plant Science.
=900  \\$aNK06249
=949  \\$zUAIN$zETHESIS

