=LDR  01271ntm a2200337Ii 4500
=001  uab09275100
=003  UAB
=005  20141002052348.0
=006  m|||||o||d||||||||
=007  cr||||||||||||
=008  141002t19691969xx\ad\\\obm\\\000\0\eng\d
=040  \\$aUAB$beng$erda$cUAB
=050  \4$aQK898.A5$bC43 1969
=090  \\$aInternet Access$bAEU
=100  1\$aChang, Fa-yan,$eauthor.
=245  10$aTranslocation and metabolism of 2-methoxy-3, 6-dichlorobenzoic acid in plants /$cby Fa-yan Chang.
=264  \1$c[1969]
=264  \4$c1969
=300  \\$a1 online resource (xii, 109 pages) :$billustrations
=336  \\$atext$btxt$2rdacontent
=337  \\$acomputer$bc$2rdamedia
=338  \\$aonline resource$bcr$2rdacarrier
=500  \\$a"A thesis submitted to the Faculty of Graduate Studies and Research in partial fulfilment of the requirements for the degree of Doctor of Philosophy, Department of Plant Science."
=502  \\$bPh. D.$cUniversity of Alberta$d1969.
=504  \\$aIncludes bibliographical references (pages 100-109).
=650  \0$aAmino acids$xMetabolism.
=650  \0$aPlants$xMetabolism.
=650  \0$aPlant metabolites.
=650  \0$aBotanical chemistry.
=710  2\$aUniversity of Alberta.$bDepartment of Plant Science.
=900  \\$aNK04924
=949  \\$zUAIN$zETHESIS

