=LDR  01284ntm a2200325Ii 4500
=001  uab09276788
=003  UAB
=005  20141009102626.0
=006  m|||||o||d||||||||
=007  cr||||||||||||
=008  141009t19711971xx\a\\\\obm\\\000\0\eng\d
=040  \\$aUAB$beng$erda$cUAB
=043  \\$an-us---$ae-gx---
=050  \4$aE183.8.G3$bS28 1971
=090  \\$aInternet Access$bAEU
=100  1\$aSattler, James Frederick,$eauthor.
=245  14$aThe transformation of German-American relations as a strategic problem /$cby James Frederick Sattler.
=264  \1$c[1971]
=264  \4$c1971
=300  \\$a1 online resource (viii, 152 pages) :$billustrations
=336  \\$atext$btxt$2rdacontent
=337  \\$acomputer$bc$2rdamedia
=338  \\$aonline resource$bcr$2rdacarrier
=500  \\$a"A thesis submitted to the Faculty of Graduate Studies and Research in partial fulfilment of the requirements for the degree of Doctor of Philosophy, Department of Political Science."
=502  \\$bPh. D.$cUniversity of Alberta$d1971.
=504  \\$aIncludes bibliographical references (pages [135]-152).
=651  \0$aUnited States$xRelations$zGermany.
=650  \0$aGermany$xRelations$zUnited States.
=710  2\$aUniversity of Alberta.$bDepartment of Political Science.
=900  \\$aNK09643
=949  \\$zUAIN$zETHESIS

