=LDR  01192ntm a2200313Ii 4500
=001  uab09276655
=003  UAB
=005  20141008192539.0
=006  m|||||o||d||||||||
=007  cr||||||||||||
=008  141008t19731973xx\ad\\\obm\\\000\0\eng\d
=040  \\$aUAB$beng$erda$cUAB
=050  \4$aLB1063$b.F87 1973
=090  \\$aInternet Access$bAEU
=100  1\$aFurstenau, Peter,$eauthor.
=245  10$aLogistical pretraining and memory aid in a developmental study of conceptual rule learning /$cby Peter Furstenau.
=264  \1$c[1973]
=264  \4$c1973
=300  \\$a1 online resource (vii, 76 pages) :$billustrations
=336  \\$atext$btxt$2rdacontent
=337  \\$acomputer$bc$2rdamedia
=338  \\$aonline resource$bcr$2rdacarrier
=500  \\$a"A thesis submitted to the Faculty of Graduate Studies and Research in partial fulfilment of the requirements for the degree of Doctor of Philosophy, Department of Psychology."
=502  \\$bPh. D.$cUniversity of Alberta$d1973.
=504  \\$aIncludes bibliographical references (pages [58]-61).
=650  \0$aMemory.
=650  \0$aMental efficiency.
=710  2\$aUniversity of Alberta.$bDepartment of Psychology.
=900  \\$aNK15236
=949  \\$zUAIN$zETHESIS

