=LDR  01229ntm a2200325Ii 4500
=001  uab09274980
=003  UAB
=005  20141002173128.0
=006  m|||||o||d||||||||
=007  cr||||||||||||
=008  141002t19701970xx\ad\\\obm\\\000\0\eng\d
=040  \\$aUAB$beng$erda$cUAB
=050  \4$aBF637.R57$bH35 1970
=090  \\$aInternet Access$bAEU
=100  1\$aHaley, Hugh John,$eauthor.
=245  10$aFactors determining shifts in decision making following group discussion /$cby Hugh John Haley.
=264  \1$c[1970]
=264  \4$c1970
=300  \\$a1 online resource (x, 112 pages) :$billustrations
=336  \\$atext$btxt$2rdacontent
=337  \\$acomputer$bc$2rdamedia
=338  \\$aonline resource$bcr$2rdacarrier
=500  \\$a"A thesis submitted to the Faculty of Graduate Studies and Research in partial fulfilment of the requirements for the degree of Doctor of Philosophy, Department of Psychology."
=502  \\$bPh. D.$cUniversity of Alberta$d1970.
=504  \\$aIncludes bibliographical references (pages [77]-81).
=650  \0$aRisk-taking (Psychology)
=650  \0$aDecision making.
=650  \0$aGroup decision making.
=710  2\$aUniversity of Alberta.$bDepartment of Psychology.
=900  \\$aNK06710
=949  \\$zUAIN$zETHESIS

