=LDR  01215ntm a2200325Ii 4500
=001  uab09275056
=003  UAB
=005  20141002203754.0
=006  m|||||o||d||||||||
=007  cr||||||||||||
=008  141002t19701970xx\ad\\\obm\\\000\0\eng\d
=040  \\$aUAB$beng$erda$cUAB
=050  \4$aBF575.F2$bC73 1970
=090  \\$aInternet Access$bAEU
=100  1\$aCraver, Harry Wallace,$eauthor.
=245  14$aThe effects of learned autonomic control on experimentally induced fear /$cby Harry Wallace Craver, Jr.
=264  \1$c[1970]
=264  \4$c1970
=300  \\$a1 online resource (ix, 76 pages) :$billustrations
=336  \\$atext$btxt$2rdacontent
=337  \\$acomputer$bc$2rdamedia
=338  \\$aonline resource$bcr$2rdacarrier
=500  \\$a"A thesis submitted to the Faculty of Graduate Studies and Research in partial fulfillment of the requirements for the degree of Doctor of Philosophy, Department of Psychology."
=502  \\$bPh. D.$cUniversity of Alberta$d1970.
=504  \\$aIncludes bibliographical references (pages 52-54).
=650  \0$aFear.
=650  \0$aRelaxation.
=650  \0$aConditioned response.
=710  2\$aUniversity of Alberta.$bDepartment of Psychology.
=900  \\$aNK06697
=949  \\$zUAIN$zETHESIS

