=LDR  01146ntm a2200301Ii 4500
=001  uab09274656
=003  UAB
=005  20141002052348.0
=006  m|||||o||d||||||||
=007  cr||||||||||||
=008  141002t19691969xx\\\\\\obm\\\000\0\eng\d
=040  \\$aUAB$beng$erda$cUAB
=050  \4$aP96.P75$bS26 1969
=090  \\$aInternet Access$bAEU
=100  1\$aSandilands, Mark Lawson,$eauthor.
=245  10$aConceptual structure, commitment, and selective exposure /$cby Mark Lawson Sandilands.
=264  \1$c[1969]
=264  \4$c1969
=300  \\$a1 online resource ([ix], 97 pages)
=336  \\$atext$btxt$2rdacontent
=337  \\$acomputer$bc$2rdamedia
=338  \\$aonline resource$bcr$2rdacarrier
=500  \\$a"A thesis submitted to the Faculty of Graduate Studies and Research in partial fulfilment of the requirements for the degree of Doctor of Philosophy, Department of Psychology."
=502  \\$bPh. D.$cUniversity of Alberta$d1969.
=504  \\$aIncludes bibliographical references (pages 42-49).
=650  \0$aMass media$xPsychological aspects.
=710  2\$aUniversity of Alberta.$bDepartment of Psychology.
=900  \\$aNK03867
=949  \\$zUAIN$zETHESIS

