=LDR  01211ntm a2200337Ii 4500
=001  uab09275719
=003  UAB
=005  20141006150415.0
=006  m|||||o||d||||||||
=007  cr||||||||||||
=008  141006t19711971xx\\\\\\obm\\\000\0\eng\d
=040  \\$aUAB$beng$erda$cUAB
=050  \4$aQL761$b.P65 1971
=090  \\$aInternet Access$bAEU
=100  1\$aPoley, Franklin Wayne,$eauthor.
=245  10$aStability of factors across mating plans /$cby Franklin Wayne Poley.
=264  \1$c[1971]
=264  \4$c1971
=300  \\$a1 online resource (71 pages)
=336  \\$atext$btxt$2rdacontent
=337  \\$acomputer$bc$2rdamedia
=338  \\$aonline resource$bcr$2rdacarrier
=500  \\$a"A thesis submitted to the Faculty of Graduate Studies and Research in partial fulfilment of the requirements for the degree of Doctor of Philosophy, Department of Psychology."
=502  \\$bPh. D.$cUniversity of Alberta$d1971.
=504  \\$aIncludes bibliographical references (pages 33-35).
=650  \0$aCourtship in animals.
=650  \0$aSexual behavior in animals.
=650  \0$aSegregation.
=650  \0$aMice$xBehavior.
=710  2\$aUniversity of Alberta.$bDepartment of Psychology.
=900  \\$aNK08115
=949  \\$zUAIN$zETHESIS

