=LDR  01179ntm a2200313Ii 4500
=001  uab09276311
=003  UAB
=005  20141008100604.0
=006  m|||||o||d||||||||
=007  cr||||||||||||
=008  141008t19721972xx\ad\\\obm\\\000\0\eng\d
=040  \\$aUAB$beng$erda$cUAB
=050  \4$aBF575.P9$bM33 1972
=090  \\$aInternet Access$bAEU
=100  1\$aMcCormack, James,$eauthor.
=245  14$aThe influence of emotional cues on the subsequent aggression of prejudiced persons /$cby James McCormack.
=264  \1$c[1972]
=264  \4$c1972
=300  \\$a1 online resource (74 pages) :$billustrations
=336  \\$atext$btxt$2rdacontent
=337  \\$acomputer$bc$2rdamedia
=338  \\$aonline resource$bcr$2rdacarrier
=500  \\$a"A thesis submitted to the Faculty of Graduate Studies and Research in partial fulfilment of the requirements for the degree of Doctor of Philosophy, Department of Psychology."
=502  \\$bPh. D.$cUniversity of Alberta$d1972.
=504  \\$aIncludes bibliographical references (pages 64-66).
=650  \0$aPrejudices.
=650  \0$aAggressiveness.
=710  2\$aUniversity of Alberta.$bDepartment of Psychology.
=900  \\$aNK13462
=949  \\$zUAIN$zETHESIS

