=LDR  01201ntm a2200313Ii 4500
=001  uab09275161
=003  UAB
=005  20141003094912.0
=006  m|||||o||d||||||||
=007  cr||||||||||||
=008  141003t19701970xx\ad\\\obm\\\000\0\eng\d
=040  \\$aUAB$beng$erda$cUAB
=050  \4$aBF575.A3$bH49 1970
=090  \\$aInternet Access$bAEU
=100  1\$aHewitt, Geri Lynn,$eauthor.
=245  10$aAttack, conflict, and target of displaced aggression /$cby Geri Lynn Hewitt.
=264  \1$c[1970]
=264  \4$c1970
=300  \\$a1 online resource (<111 [i.e., 120] pages>) :$billustrations
=336  \\$atext$btxt$2rdacontent
=337  \\$acomputer$bc$2rdamedia
=338  \\$aonline resource$bcr$2rdacarrier
=500  \\$a"A thesis submitted to the Faculty of Graduate Studies and Research in partial fulfilment of the requirements for the degree of Doctor of Philosophy, Department of Psychology."
=502  \\$bPh. D.$cUniversity of Alberta$d1970.
=504  \\$aIncludes bibliographical references (pages 57-63).
=590  \\$aLibrary copy imperfect: page 57 scanned twice.
=650  \0$aAggressiveness.
=710  2\$aUniversity of Alberta.$bDepartment of Psychology.
=900  \\$NK06714
=949  \\$zUAIN$zETHESIS

