=LDR  01211ntm a2200301Ii 4500
=001  uab09277184
=003  UAB
=005  20141009195028.0
=006  m|||||o||d||||||||
=007  cr||||||||||||
=008  141009t19741974xx\\\\\\obm\\\000\0\eng\d
=040  \\$aUAB$beng$erda$cUAB
=050  \4$aPC44.8$b.N48 1974
=090  \\$aInternet Access$bAEU
=100  1\$aNve de Mvergnies, Franois-Xavier,$eauthor.
=245  14$aThe economy of palatalization in Gallo-romance /$cby Franois-Xavier Nve de Mvergnies.
=264  \1$c[1974]
=264  \4$c1974
=300  \\$a1 online resource (xii, 246 pages)
=336  \\$atext$btxt$2rdacontent
=337  \\$acomputer$bc$2rdamedia
=338  \\$aonline resource$bcr$2rdacarrier
=500  \\$a"A thesis submitted to the Faculty of Graduate Studies and Research in partial fulfilment of the requirements for the degree of Doctor of Philosophy, Department of Romance Languages and Literature.
=502  \\$bPh. D.$cUniversity of Alberta$d1974.
=504  \\$aIncludes bibliographical references (pages 209-246).
=650  \0$aRomance languages$xPalatalization.
=710  2\$aUniversity of Alberta.$bDepartment of Romance Languages and Literature.
=900  \\$aNK21077
=949  \\$zUAIN$zETHESIS

