=LDR  01343ntm a2200349Ii 4500
=001  uab09276941
=003  UAB
=005  20141009134922.0
=006  m|||||o||d||||||||
=007  cr||||||||||||
=008  141009t19731973xx\a\\\\obm\\\000\0dfre\d
=040  \\$aUAB$beng$erda$cUAB
=041  1\$afre$beng
=043  \\$ae-sp---
=050  \4$aPQ2625.A716$bE8738 1973
=090  \\$aInternet Access$bAEU
=100  1\$aThornberry, Robert S.,$eauthor.
=245  10$aAndr Malraux et l'Espagne /$cby Robert Samuel Thornberry.
=264  \1$c[1973]
=264  \4$c1973
=300  \\$a1 online resource (vi, 400 pages) :$billustration
=336  \\$atext$btxt$2rdacontent
=337  \\$acomputer$bc$2rdamedia
=338  \\$aonline resource$bcr$2rdacarrier
=500  \\$a"A thesis submitted to the Faculty of Graduate Studies and Research in partial fulfilment of the requirements for the degree of Doctor of Philosophy, Department of Romance Languages."
=502  \\$bPh. D.$cUniversity of Alberta$d1973.
=504  \\$aIncludes bibliographical references (pages 382-400).
=546  \\$aIn French; abstract in English and French.
=600  10$aMalraux, Andr,$d1901-1976.$tEspoir.
=651  \0$aSpain$xHistory$yCivil War, 1936-1939$xLiterature and the war.
=710  2\$aUniversity of Alberta.$bDepartment of Romance Languages.
=900  \\$aNK15364
=949  \\$zUAIN$zETHESIS

