=LDR  01156ntm a2200301Ii 4500
=001  uab09274995
=003  UAB
=005  20141002175723.0
=006  m|||||o||d||||||||
=007  cr||||||||||||
=008  141002t19701970xx\\\\\\obm\\\000\0\eng\d
=040  \\$aUAB$beng$erda$cUAB
=050  \4$aPQ6104$b.Y68 1970
=090  \\$aInternet Access$bAEU
=100  1\$aYoung, Richard A.,$d1942-$eauthor.
=245  14$aThe pastoral mode in Spanish drama before 1520 /$cby Richard A. Young.
=264  \1$c[1970]
=264  \4$c1970
=300  \\$a1 online resource (634 pages)
=336  \\$atext$btxt$2rdacontent
=337  \\$acomputer$bc$2rdamedia
=338  \\$aonline resource$bcr$2rdacarrier
=500  \\$a"A thesis submitted to the Faculty of Graduate Studies and Research in partial fulfilment of the requirements for the degree of Doctor of Philosophy, Department of Romance Languages."
=502  \\$bPh. D.$cUniversity of Alberta$d1970.
=504  \\$aIncludes bibliographical references (pages [601]-615).
=650  \0$aSpanish drama$yTo 1500$xHistory and criticism.
=710  2\$aUniversity of Alberta.$bDepartment of Romance Languages.
=900  \\$aNK06460
=949  \\$zUAIN$zETHESIS

