=LDR  01162ntm a2200313Ii 4500
=001  uab09276987
=003  UAB
=005  20141009143336.0
=006  m|||||o||d||||||||
=007  cr||||||||||||
=008  141009t19731973xx\ad\\\obm\\\000\0\eng\d
=040  \\$aUAB$beng$erda$cUAB
=050  \4$aHV6437$b.V36 1973
=090  \\$aInternet Access$bAEU
=100  1\$aVantour, James A.,$eauthor.
=245  10$aTheories of gang delinquency :$ba review and a revision /$cby James Arnold Vantour.
=264  \1$c[1973]
=264  \4$c1973
=300  \\$a1 online resource (xi, 183 pages) :$billustration
=336  \\$atext$btxt$2rdacontent
=337  \\$acomputer$bc$2rdamedia
=338  \\$aonline resource$bcr$2rdacarrier
=500  \\$a"A thesis submitted to the Faculty of Graduate Studies and Research in partial fulfilment of the requirements for the degree of Doctor of Philosophy, Department of Sociology."
=502  \\$bPh. D.$cUniversity of Alberta$d1973.
=504  \\$aIncludes bibliographical references (pages 179-183).
=650  \0$aGangs.
=650  \0$aJuvenile delinquency.
=710  2\$aUniversity of Alberta.$bDepartment of Sociology.
=900  \\$aNK15370
=949  \\$zUAIN$zETHESIS

