=LDR  01182ntm a2200313Ii 4500
=001  uab09276353
=003  UAB
=005  20141008113122.0
=006  m|||||o||d||||||||
=007  cr||||||||||||
=008  141008t19721972xx\ad\\\obm\\\000\0\eng\d
=040  \\$aUAB$beng$erda$cUAB
=050  \4$aHM831$b.S27 1972
=090  \\$aInternet Access$bAEU
=100  1\$aSaram, P. A. S.,$eauthor.
=245  10$aDeferment and substitution :$ban exercise in methodology of social action /$cby P.A.S. Saram.
=264  \1$c[1972]
=264  \4$c1972
=300  \\$a1 online resource (ix, 246 pages) :$billustrations
=336  \\$atext$btxt$2rdacontent
=337  \\$acomputer$bc$2rdamedia
=338  \\$aonline resource$bcr$2rdacarrier
=500  \\$a"A thesis submitted to the Faculty of Graduate Studies and Research in partial fulfilment of the requirements for the degree of Doctor of Philosophy, Department of Sociology."
=502  \\$bPh. D.$cUniversity of Alberta$d1972.
=504  \\$aIncludes bibliographical references (pages 240-246).
=650  \0$aSocial action.
=650  \0$aSubstitution (Psychology)
=710  2\$aUniversity of Alberta.$bDepartment of Sociology.
=900  \\$aNK13558
=949  \\$zUAIN$zETHESIS

