=LDR  01252ntm a2200313Ii 4500
=001  uab09277614
=003  UAB
=005  20141013062259.0
=006  m|||||o||d||||||||
=007  cr||||||||||||
=008  141013t19751975xx\ad\\\obm\\\000\0\eng\d
=040  \\$aUAB$beng$erda$cUAB
=050  \4$aHB901$b.K39 1975
=090  \\$aInternet Access$bAEU
=100  1\$aKayani, Mohammad Ashraf Khan,$eauthor.
=245  10$aEffects of low fertility on the stabilization process of a non-catastrophically distorted age distribution /$cby Mohammad Ashraf Khan Kayani.
=264  \1$c[1975]
=264  \4$c1975
=300  \\$a1 online resource (xiv, 127 pages) :$billustrations
=336  \\$atext$btxt$2rdacontent
=337  \\$acomputer$bc$2rdamedia
=338  \\$aonline resource$bcr$2rdacarrier
=500  \\$a"A thesis submitted to the Faculty of Graduate Studies and Research in partial fulfillment of the requirements for the degree of Doctor of Philosophy, Department of Sociology."
=502  \\$bPh. D.$cUniversity of Alberta$d1975.
=504  \\$aIncludes bibliographical references (pages 118-127).
=650  \0$aFertility, Human.
=650  \0$aFertility, Human$xStatistics.
=710  2\$aUniversity of Alberta.$bDepartment of Sociology.
=900  \\$aNK26794
=949  \\$zUAIN$zETHESIS

