=LDR  01144ntm a2200313Ii 4500
=001  uab09277643
=003  UAB
=005  20141013062259.0
=006  m|||||o||d||||||||
=007  cr||||||||||||
=008  141013t19751975xx\a\\\\obm\\\000\0\eng\d
=040  \\$aUAB$beng$erda$cUAB
=050  \4$aB63$b.S36 1975
=090  \\$aInternet Access$bAEU
=100  1\$aSchmidt, Erick,$eauthor.
=245  14$aThe morphology of bureaucratic knowledge /$cby Erick Schmidt.
=264  \1$c[1975]
=264  \4$c1975
=300  \\$a1 online resource (xi, 282 pages) :$billustrations
=336  \\$atext$btxt$2rdacontent
=337  \\$acomputer$bc$2rdamedia
=338  \\$aonline resource$bcr$2rdacarrier
=500  \\$a"A thesis submitted to the Faculty of Graduate Studies and Research in partial fulfilment of the requirements for the degree of Doctor of Philosophy, Department of Sociology."
=502  \\$bPh. D.$cUniversity of Alberta$d1975.
=504  \\$aIncludes bibliographical references (pages 278-282).
=650  \0$aKnowledge, Sociology of.
=650  \0$aBureaucracy.
=710  2\$aUniversity of Alberta.$bDepartment of Sociology.
=900  \\$aNK26910
=949  \\$zUAIN$zETHESIS

