=LDR  01257ntm a2200313Ii 4500
=001  uab09275165
=003  UAB
=005  20141003100632.0
=006  m|||||o||d||||||||
=007  cr||||||||||||
=008  141003t19711971xx\abd\\obm\\\000\0\eng\d
=040  \\$aUAB$beng$erda$cUAB
=050  \4$aQL737.R68$bH55 1971
=090  \\$aInternet Access$bAEU
=100  1\$aHilton, Donald Frederick James,$eauthor.
=245  10$aTaxonomy of Trypanosomes (Protozoa: Trypanosomatidae) parasitic in some species of Spermophilus (Rodentia: Sciuridae) /$cby Donald Frederick James Hilton.
=264  \1$c[1971]
=264  \4$c1971
=300  \\$a1 online resource (xii, 126 pages) :$billustrations, maps
=336  \\$atext$btxt$2rdacontent
=337  \\$acomputer$bc$2rdamedia
=338  \\$aonline resource$bcr$2rdacarrier
=500  \\$a"A thesis submitted to the Faculty of Graduate Studies in partial fulfilment of the requirements for the degree of Doctor of Philosophy, Department of Zoology."
=502  \\$bPh. D.$cUniversity of Alberta$d1971.
=504  \\$aIncludes bibliographical references (pages [80]-86).
=650  \0$aGround squirrels$xParasites.
=650  \0$aTrypanosomatidae.
=710  2\$aUniversity of Alberta.$bDepartment of Zoology.
=900  \\$aNK09598
=949  \\$zUAIN$zETHESIS

