=LDR  01123ntm a2200313Ii 4500
=001  uab09275290
=003  UAB
=005  20141003145421.0
=006  m|||||o||d||||||||
=007  cr||||||||||||
=008  141003t19701970xx\ad\\\obm\\\000\0\eng\d
=040  \\$aUAB$beng$erda$cUAB
=050  \4$aRE714$b.B69 1970
=090  \\$aInternet Access$bAEU
=100  1\$aBoyd, James E.,$eauthor.
=245  10$aOcular fluid dynamics of the domestic fowl /$cJames E. Boyd.
=264  \1$c[1970]
=264  \4$c1970
=300  \\$a1 online resource (66 pages) :$billustrations
=336  \\$atext$btxt$2rdacontent
=337  \\$acomputer$bc$2rdamedia
=338  \\$aonline resource$bcr$2rdacarrier
=500  \\$a"A thesis submitted to the Faculty of Graduate Studies and Research in partial fulfilment of the requirements for the degree of Doctor of Philosophy, Department of Zoology."
=502  \\$bPh. D.$cUniversity of Alberta$d1970.
=504  \\$aIncludes bibliographical references (pages [56]-66).
=650  \0$aEye$xDiseases.
=650  \0$aChickens.
=710  2\$aUniversity of Alberta.$bDepartment of Zoology.
=900  \\$aNK06690
=949  \\$zUAIN$zETHESIS

