=LDR  01135ntm a2200301Ii 4500
=001  uab09276357
=003  UAB
=005  20141008113408.0
=006  m|||||o||d||||||||
=007  cr||||||||||||
=008  141008t19711971xx\abdf\obm\\\000\0\eng\d
=040  \\$aUAB$beng$erda$cUAB
=050  \4$aQL737.L33$bM55 1971
=090  \\$aInternet Access$bAEU
=100  1\$aMillar, John Steven,$eauthor.
=245  10$aBreeding of the pika in relation to the environment /$cby John Steven Millar.
=264  \1$c[1971]
=264  \4$c1971
=300  \\$a1 online resource (94 pages, 3 leaves of plates) :$billustrations, maps
=336  \\$atext$btxt$2rdacontent
=337  \\$acomputer$bc$2rdamedia
=338  \\$aonline resource$bcr$2rdacarrier
=500  \\$a"A thesis submitted to the Faculty of Graduate Studies in partial fulfilment of the requirements for the degree of Doctor of Philosophy, Department of Zoology."
=502  \\$bPh. D.$cUniversity of Alberta$d1971.
=504  \\$aIncludes bibliographical references (pages 75-79).
=650  \0$aPikas$xBreeding.
=710  2\$aUniversity of Alberta.$bDepartment of Zoology.
=900  \\$aNK09621
=949  \\$zUAIN$zETHESIS

