=LDR  01359ntm a2200313Ii 4500
=001  uab09277277
=003  UAB
=005  20141009204927.0
=006  m|||||o||d||||||||
=007  cr||||||||||||
=008  141009t19741974xx\ad\\\obm\\\000\0\eng\d
=040  \\$aUAB$beng$erda$cUAB
=050  \4$aQL430.5.L58$bB83 1974
=090  \\$aInternet Access$bAEU
=100  1\$aBuckland-Nicks, John,$eauthor.
=245  14$aThe functional morphology of the reproductive systems and the larval development of two intertidal snails, Littorina Sitkana (Philippi, 1845) and Littorina Scutulata (Gould, 1849) with special reference to the spermatozoa /$cby John Buckland-Nicks.
=264  \1$c[1974]
=264  \4$c1974
=300  \\$a1 online resource (xvi, 249 pages) :$billustrations
=336  \\$atext$btxt$2rdacontent
=337  \\$acomputer$bc$2rdamedia
=338  \\$aonline resource$bcr$2rdacarrier
=500  \\$a"A thesis submitted to the Faculty of Graduate Studies and Research in partial fulfilment of the requirements for the degree of Doctor of Philosophy, Department of Zoology."
=502  \\$bPh. D.$cUniversity of Alberta$d1974.
=504  \\$aIncludes bibliographical references (pages 227-243).
=650  \0$aLittorina$xPhysiology$xReproduction.
=650  \0$aLittorina$xLarvae.
=710  2\$aUniversity of Alberta.$bDepartment of Zoology.
=900  \\$aNK21774
=949  \\$zUAIN$zETHESIS

