=LDR  01251ntm a2200325Ii 4500
=001  uab09275099
=003  UAB
=005  20141002052348.0
=006  m|||||o||d||||||||
=007  cr||||||||||||
=008  141002t19691969xx\abd\\obm\\\000\0\eng\d
=040  \\$aUAB$beng$erda$cUAB
=050  \4$aQL737.R666$bC36 1969
=090  \\$aInternet Access$bAEU
=100  1\$aCanham, Raymond P.,$eauthor.
=245  10$aSerum protein variation and selection in fluctuating populations of cricetid rodents /$cby Raymond P. Canham.
=264  \1$c[1969]
=264  \4$c1969
=300  \\$a1 online resource (121 pages) :$billustrations, maps
=336  \\$atext$btxt$2rdacontent
=337  \\$acomputer$bc$2rdamedia
=338  \\$aonline resource$bcr$2rdacarrier
=500  \\$a"A thesis submitted to the Faculty of Graduate Studies and Research in partial fulfilment of the requirements for the degree of Doctor of Philosophy, Department of Zoology."
=502  \\$bPh. D.$cUniversity of Alberta$d1969.
=504  \\$aIncludes bibliographical references (pages 71-81).
=650  \0$aPeromyscus maniculatus$xVariation.
=650  \0$aMice$xVariation.
=650  \0$aBiochemical variation.
=710  2\$aUniversity of Alberta.$bDepartment of Zoology.
=900  \\$aNK04922
=949  \\$zUAIN$zETHESIS

