=LDR  01291ntm a2200325Ii 4500
=001  uab09274693
=003  UAB
=005  20141002103837.0
=006  m|||||o||d||||||||
=007  cr||||||||||||
=008  141002t19691969xx\abdf\obm\\\000\0\eng\d
=040  \\$aUAB$beng$erda$cUAB
=043  \\$an-cn-ab
=050  \4$aQL737.R666$bE45 1969
=090  \\$aInternet Access$bAEU
=100  1\$aElliott, Peter Wayne,$eauthor.
=245  10$aDynamics and regulation of a Clethrionomys population in central Alberta /$cby Peter Wayne Elliott.
=264  \1$c[1969]
=264  \4$c1969
=300  \\$a1 online resource (i, 97 pages, [5] leaves of plates) :$billustrations, map
=336  \\$atext$btxt$2rdacontent
=337  \\$acomputer$bc$2rdamedia
=338  \\$aonline resource$bcr$2rdacarrier
=500  \\$a"A thesis submitted to the Faculty of Graduate Studies and Research in partial fulfilment of the requirements for the degree of Doctor of Philosophy, Department of Zoology."
=502  \\$bPh. D.$cUniversity of Alberta$d1969.
=504  \\$aIncludes bibliographical references (pages 90-97).
=650  \0$aClethrionomys gapperi$xBehavior$zAlberta.
=650  \0$aClethrionomys gapperi$xClimatic factors$zAlberta.
=710  2\$aUniversity of Alberta.$bDepartment of Zoology.
=900  \\$aNK03838
=949  \\$zUAIN$zETHESIS

