=LDR  01211ntm a2200313Ii 4500
=001  uab09277167
=003  UAB
=005  20141009184914.0
=006  m|||||o||d||||||||
=007  cr||||||||||||
=008  141009t19741974xx\a\\\\obm\\\000\0\eng\d
=040  \\$aUAB$beng$erda$cUAB
=050  \4$aQL444.M33$bS66 1974
=090  \\$aInternet Access$bAEU
=100  1\$aSnow, P. J.$q(Peter John),$eauthor.
=245  14$aThe neuronal control of the antennular activities of the hermit crab, Pagurus alaskensis (Benedict) /$cby Peter John Snow.
=264  \1$c[1974]
=264  \4$c1974
=300  \\$a1 online resource (xiv, 176 pages) :$billustrations
=336  \\$atext$btxt$2rdacontent
=337  \\$acomputer$bc$2rdamedia
=338  \\$aonline resource$bcr$2rdacarrier
=500  \\$a"A thesis submitted to the Faculty of Graduate Studies and Research in partial fulfilment of the requirements for the degree of Doctor of Philosophy, Department of Zoology."
=502  \\$bPh. D.$cUniversity of Alberta$d1974.
=504  \\$aIncludes bibliographical references (pages 169-175).
=650  \0$aHermit crabs.
=650  \0$aNeurophysiology.
=710  2\$aUniversity of Alberta.$bDepartment of Zoology.
=900  \\$aNK21112
=949  \\$zUAIN$zETHESIS

