=LDR  01382ntm a2200325Ii 4500
=001  uab09277428
=003  UAB
=005  20141010153739.0
=006  m|||||o||d||||||||
=007  cr||||||||||||
=008  141010t19741974xx\abd\\obm\\\000\0\eng\d
=040  \\$aUAB$beng$erda$cUAB
=043  \\$an-cn-ab
=050  \4$aQL430.5.P37$bS26 1974
=090  \\$aInternet Access$bAEU
=100  1\$aSankurathri, Chandra Sekhar,$eauthor.
=245  10$aEffects of thermal effluent on the population dynamics of Physa gyrina Say (Mollusca: Gastropoda) and its helminth parasites at Wabamun Lake, Alberta /$cby Chandra Sekhar Sankurathri.
=264  \1$c[1974]
=264  \4$c1974
=300  \\$a1 online resource (xiii, 132 pages) :$billustrations, map
=336  \\$atext$btxt$2rdacontent
=337  \\$acomputer$bc$2rdamedia
=338  \\$aonline resource$bcr$2rdacarrier
=500  \\$a"A thesis submitted to the Faculty of Graduate Studies and Research in partial fulfilment of the requirements for the degree of Doctor of Philosophy, Department of Zoology."
=502  \\$bPh. D.$cUniversity of Alberta$d1974.
=504  \\$aIncludes bibliographical references (pages 117-129).
=650  \0$aPhysa gyrina$xEffect of thermal pollution on$zAlberta$zWabamun Lake.
=650  \0$aHelminthiasis$zAlberta$zWabamun Lake.
=710  2\$aUniversity of Alberta.$bDepartment of Zoology.
=900  \\$aNK21961
=949  \\$zUAIN$zETHESIS

