=LDR  01290ntm a2200313Ii 4500
=001  uab09277621
=003  UAB
=005  20141013062259.0
=006  m|||||o||d||||||||
=007  cr||||||||||||
=008  141013t19751975xx\ad\\\obm\\\000\0\eng\d
=040  \\$aUAB$beng$erda$cUAB
=050  \4$aQL444.C58$bL49 1975
=090  \\$aInternet Access$bAEU
=100  1\$aLewis, Cynthia L. Arey,$eauthor.
=245  10$aReproductive biology and development of the gooseneck barnacle, Pollicipes Polymerus, with special emphasis on peristaltic constrictions in the fertilized egg /$cby Cynthia L. Arey Lewis.
=264  \1$c[1975]
=264  \4$c1975
=300  \\$a1 online resource (xiv, 320 pages) :$billustrations
=336  \\$atext$btxt$2rdacontent
=337  \\$acomputer$bc$2rdamedia
=338  \\$aonline resource$bcr$2rdacarrier
=500  \\$a"A thesis submitted to the Faculty of Graduate Studies and Research in partial fulfilment of the requirements for the degree of Doctor of Philosophy, Department of Zoology."
=502  \\$bPh. D.$cUniversity of Alberta$d1975.
=504  \\$aIncludes bibliographical references (pages [277]-308).
=650  \0$aBarnacles$xReproduction.
=650  \0$aBarnacles$xBehavior.
=710  2\$aUniversity of Alberta.$bDepartment of Zoology.\
=900  \\$aNK26823
=949  \\$zUAIN$zETHESIS

