=LDR  01245ntm a2200313Ii 4500
=001  uab09276685
=003  UAB
=005  20141008195702.0
=006  m|||||o||d||||||||
=007  cr||||||||||||
=008  141008t19731973xx\ad\\\obm\\\000\0\eng\d
=040  \\$aUAB$beng$erda$cUAB
=050  \4$aRM666.A493$bP36 1973
=090  \\$aInternet Access$bAEU
=100  1\$aPandey, Ganga Shankar,$eauthor.
=245  10$aBiopharmaceutical studies of some phentermine tablet formulations /$cby Ganga Shankar Pandey.
=264  \1$c[1973]
=264  \4$c1973
=300  \\$a1 online resource (xviii, 209 pages) :$billustrations
=336  \\$atext$btxt$2rdacontent
=337  \\$acomputer$bc$2rdamedia
=338  \\$aonline resource$bcr$2rdacarrier
=500  \\$a"A thesis submitted to the Faculty of Graduate Studies and Research in partial fulfilment of the requirements for the degree of Doctor of Philosophy, Faculty of Pharmacy and Pharmaceutical Sciences."
=502  \\$bPh. D.$cUniversity of Alberta$d1973.
=504  \\$aIncludes bibliographical references (pages 175-187).
=650  \0$aPhentermine.
=650  \0$aPharmaceutical biotechnology.
=710  2\$aUniversity of Alberta.$bFaculty of Pharmacy and Pharmaceutical Sciences.
=900  \\$aNK15301
=949  \\$zUAIN$zETHESIS

