=LDR  01314ntm a2200325Ii 4500
=001  uab09277375
=003  UAB
=005  20141009204927.0
=006  m|||||o||d||||||||
=007  cr||||||||||||
=008  141009t19741974xx\ad\\\obm\\\000\0\eng\d
=040  \\$aUAB$beng$erda$cUAB
=050  \4$aQP532$b.J44 1974
=090  \\$aInternet Access$bAEU
=100  1\$aJeffery, Dorothy A.,$eauthor.
=245  10$aGold in rheumatoid arthritis :$bits effect on plasma cortisol and its deposition in skin /$cby Dorothy A. Jeffery, M. Sc.
=264  \1$c[1974]
=264  \4$c1974
=300  \\$a1 online resource (xvii, 333 pages) :$billustrations
=336  \\$atext$btxt$2rdacontent
=337  \\$acomputer$bc$2rdamedia
=338  \\$aonline resource$bcr$2rdacarrier
=500  \\$a"A thesis submitted to the Faculty of Graduate Studies and Research in partial fulfilment of the requirements for the degree of Doctor of Philosophy in Biopharmacy, Faculty of Pharmacy and Pharmaceutical Sciences."
=502  \\$bPh. D.$cUniversity of Alberta$d1974.
=504  \\$aIncludes bibliographical references (pages 283-312).
=650  \0$aMetals in medicine.
=650  \0$aMetal ions.
=650  \0$aHydrocortisone$xMetabolism.
=710  2\$aUniversity of Alberta.$bFaculty of Pharmacy and Pharmaceutical Sciences.
=900  \\$aNK21856
=949  \\$zUAIN$zETHESIS

