=LDR  01230ntm a2200313Ii 4500
=001  uab09274967
=003  UAB
=005  20141002170819.0
=006  m|||||o||d||||||||
=007  cr||||||||||||
=008  141002t19691969xx\ad\\\obm\\\000\0\eng\d
=040  \\$aUAB$beng$erda$cUAB
=050  \4$aRM319$b.K48 1969
=090  \\$aInternet Access$bAEU
=100  1\$aKhullar, Krishan Kumar,$eauthor.
=245  10$aStereochemical studies of 3-methyl analogues of pethidine /$cby Krishan Kumar Khullar.
=264  \1$c[1969]
=264  \4$c1969
=300  \\$a1 online resource (xi, 235 [i.e., 239] pages) :$billustrations
=336  \\$atext$btxt$2rdacontent
=337  \\$acomputer$bc$2rdamedia
=338  \\$aonline resource$bcr$2rdacarrier
=500  \\$a"A thesis submitted to the Faculty of Graduate Studies and Research in partial fulfilment of the requirements for the degree of Doctor of Philosophy, Faculty of Pharmacy and Pharmaceutical Sciences."
=502  \\$bPh. D.$cUniversity of Alberta$d1969.
=504  \\$aIncludes bibliographical references (pages 228-235).
=650  \0$aAnalgesics.
=650  \0$aStereochemistry.
=710  2\$aUniversity of Alberta.$bFaculty of Pharmacy and Pharmaceutical Sciences.
=900  \\$aNK03854
=949  \\$zUAIN$zETHESIS

