=LDR  01275ntm a2200325Ii 4500
=001  uab09275639
=003  UAB
=005  20141006122432.0
=006  m|||||o||d||||||||
=007  cr||||||||||||
=008  141006t19711971xx\ad\\\obm\\\000\0\eng\d
=040  \\$aUAB$beng$erda$cUAB
=050  \4$aRM319$b.M34 1971
=090  \\$aInternet Access$bAEU
=100  1\$aMcErlane, Keith Michael Joseph,$eauthor.
=245  10$aStereochemical studies of 4-phenylpiperidine analgesics /$cby Keith Michael Joseph McErlane.
=264  \1$c[1971]
=264  \4$c1971
=300  \\$a1 online resource (<xii, 385 [i.e., 388] pages>) :$billustrations
=336  \\$atext$btxt$2rdacontent
=337  \\$acomputer$bc$2rdamedia
=338  \\$aonline resource$bcr$2rdacarrier
=500  \\$a"A thesis submitted to the Faculty of Graduate Studies and Research in partial fulfilment of the requirements for the degree of Doctor of Philosophy, Faculty of Pharmacy and Pharmaceutical Sciences."
=502  \\$bPh. D.$cUniversity of Alberta$d1971.
=504  \\$aIncludes bibliographical references (pages 375-385).
=650  \0$aAnalgesics.
=650  \0$aStereochemistry.
=650  \0$aPiperidine.
=710  2\$aUniversity of Alberta.$bFaculty of Pharmacy and Pharmaceutical Sciences.
=900  \\$aNK08100
=949  \\$zUAIN$zETHESIS

