=LDR  01254ntm a2200325Ii 4500
=001  uab09275194
=003  UAB
=005  20141003110653.0
=006  m|||||o||d||||||||
=007  cr||||||||||||
=008  141003t19711971xx\ad\\\obm\\\000\0\eng\d
=040  \\$aUAB$beng$erda$cUAB
=050  \4$aR895$b.L97 1971
=090  \\$aInternet Access$bAEU
=100  1\$aLyster, Donald Milburn,$eauthor.
=245  14$aThe potential use of Zn-EDTA in nuclear medicine /$cby Donald Milburn Lyster.
=264  \1$c[1971]
=264  \4$c1971
=300  \\$a1 online resource (xi, 156 pages) :$billustrations
=336  \\$atext$btxt$2rdacontent
=337  \\$acomputer$bc$2rdamedia
=338  \\$aonline resource$bcr$2rdacarrier
=500  \\$a"A thesis submitted to the Faculty of Graduate Studies and Research in partial fulfilment of the requirements for the degree of Doctor of Philosophy, Faculty of Pharmacy and Pharmaceutical Sciences."
=502  \\$bPh. D.$cUniversity of Alberta$d1971.
=504  \\$aIncludes bibliographical references (pages [126]-152).
=650  \0$aNuclear medicine.
=650  \0$aZinc.
=650  \0$aEthylenediaminetetraacetic acid.
=710  2\$aUniversity of Alberta.$bFaculty of Pharmacy and Pharmaceutical Sciences.
=900  \\$aNK09610
=949  \\$zUAIN$zETHESIS

