=LDR  01207ntm a2200325Ii 4500
=001  uab09277390
=003  UAB
=005  20141010142135.0
=006  m|||||o||d||||||||
=007  cr||||||||||||
=008  141010t19751975xx\ad\\\obm\\\000\0\eng\d
=040  \\$aUAB$beng$erda$cUAB
=050  \4$aQH491$b.L5 1975
=090  \\$aInternet Access$bAEU
=100  1\$aLi, Lily Yung Li,$eauthor.
=245  10$aOntogeny of the immune system in CBA mice /$cby Lily Yung Li Li.
=264  \1$c[1975]
=264  \4$c1975
=300  \\$a1 online resource (xix, 164 pages) :$billustrations
=336  \\$atext$btxt$2rdacontent
=337  \\$acomputer$bc$2rdamedia
=338  \\$aonline resource$bcr$2rdacarrier
=500  \\$a"A thesis submitted to the Faculty of Graduate Studies and Research in partial fulfilment of the requirements for the degree of Doctor of Philosophy in Immunology, the Ph. D. (Medical Science) Committee."
=502  \\$bPh. D.$cUniversity of Alberta$d1975.
=504  \\$aIncludes bibliographical references (pages 139-164).
=650  \0$aOntogeny.
=650  \0$aMice$xPhysiology.
=650  \0$aImmunity.
=710  2\$aUniversity of Alberta.$bPh. D. (Medical Science) Committee.
=900  \\$aNK24083
=949  \\$zUAIN$zETHESIS


