=LDR  01194ntm a2200325I  4500
=001  uab09267506
=003  UAB
=005  20140911131758.0
=006  m|||||o||d||||||||
=007  cr||||||||||||
=008  140911t19731973xx\\\\\\obm\\\000\0deng\d
=040  \\$aUAB$beng$erda$cUAB
=043  \\$an-mx---
=050  \4$aPR6023.O96$bU5333 1973
=090  \\$aInternet Access$bAEU
=100  1\$aBaxter, Edith Lorraine,$eauthor.
=245  14$aThe Mexican setting in Under the volcano /$cby Edith Lorraine Baxter.
=264  \1$c[1973]
=264  \4$c1973
=300  \\$a1 online resource (109 pages)
=336  \\$atext$btxt$2rdacontent
=337  \\$acomputer$bc$2rdamedia
=338  \\$aonline resource$bcr$2rdacarrier
=502  \\$bM.A.$cUniversity of Alberta$d1973.
=500  \\$a"A thesis submitted to the Faculty of Graduate Studies and Research in partial fulfilment of the requirements for the degree of Master of Arts, Department of English."
=504  \\$aIncludes bibliographical references (pages [100]-109).
=600  10$aLowry, Malcolm,$d1909-1957.$tUnder the volcano.
=651  \0$aMexico$xIn literature.
=710  2\$aUniversity of Alberta.$bDepartment of English.
=900  \\$aMK17445
=949  \\$zUAIN$zETHESIS

