=LDR  01098ntm a2200301I  4500
=001  uab09267573
=003  UAB
=005  20140911140709.0
=006  m|||||o||d||||||||
=007  cr||||||||||||
=008  140911t19731973xx\\\\\\obm\\\000\0deng\d
=040  \\$aUAB$beng$erda$cUAB
=050  \4$aPR2024.B783$bB39 1973
=090  \\$aInternet Access$bAEU
=100  1\$aBaxter, John Robert,$eauthor.
=245  10$aLayamon's Brut :$ban emergent epic /$cby John Robert Baxter.
=264  \1$c[1973]
=264  \4$c1973
=300  \\$a1 online resource (135 pages)
=336  \\$atext$btxt$2rdacontent
=337  \\$acomputer$bc$2rdamedia
=338  \\$aonline resource$bcr$2rdacarrier
=502  \\$bM.A.$cUniversity of Alberta$d1973.
=500  \\$a"A thesis submitted to the Faculty of Graduate Studies and Research in partial fulfilment of the requirements for the degree of Master of Arts, Department of English."
=504  \\$aIncludes bibliographical references (pages 131-135).
=600  00$aLayamon,$dactive 1200.$tBrut.
=710  2\$aUniversity of Alberta.$bDepartment of English.
=900  \\$aMK17446
=949  \\$zUAIN$zETHESIS

