=LDR  01175ntm a2200325I  4500
=001  uab09267669
=003  UAB
=005  20140911152017.0
=006  m|||||o||d||||||||
=007  cr||||||||||||
=008  140911t19731973xx\\\\\\obm\\\000\0\eng\d
=040  \\$aUAB$beng$erda$cUAB
=050  \4$aQA274.7$b.B53 1973
=090  \\$aInternet Access$bAEU
=100  1\$aBickis, Mikelis G.,$eauthor.
=245  10$aInformation and Markov processes /$cby Mikelis G. Bickis.
=264  \1$c[1973]
=264  \4$c1973
=300  \\$a1 online resource (vii, 65 pages)
=336  \\$atext$btxt$2rdacontent
=337  \\$acomputer$bc$2rdamedia
=338  \\$aonline resource$bcr$2rdacarrier
=502  \\$bM. Sc.$cUniversity of Alberta$d1973.
=500  \\$a"A thesis submitted to the Faculty of Graduate Studies and Research in partial fulfilment of the requirements for the degree of Master of Science in Statistics, Department of Mathematics."
=504  \\$aIncludes bibliographical references (pages 58-61).
=650  \0$aMarkov processes.
=650  \0$aInformation theory.
=650  \0$aProbabilities.
=710  2\$aUniversity of Alberta.$bDepartment of Mathematics.
=900  \\$aMK17456
=949  \\$zUAIN$zETHESIS

