=LDR  01148ntm a2200313I  4500
=001  uab09267730
=003  UAB
=005  20140911160033.0
=006  m|||||o||d||||||||
=007  cr||||||||||||
=008  140911t19731973xx\adf\\obm\\\000\0\eng\d
=040  \\$aUAB$beng$erda$cUAB
=050  \4$aQP801.A3$bB75 1973
=090  \\$aInternet Access$bAEU
=100  1\$aBrigden, Linda P.,$eauthor.
=245  10$aThrombocytopenia in alcoholism /$cby Linda P. Brigden.
=264  \1$c[1973]
=264  \4$c1973
=300  \\$a1 online resource (xiv, 88 pages) :$billustrations
=336  \\$atext$btxt$2rdacontent
=337  \\$acomputer$bc$2rdamedia
=338  \\$aonline resource$bcr$2rdacarrier
=502  \\$bM. Sc.$cUniversity of Alberta$d1973.
=500  \\$a"A thesis submitted to the Faculty of Graduate Studies and Research in partial fulfilment of the requirements for the degree of Master of Science, Department of Medicine."
=504  \\$aIncludes bibliographical references (pages 81-88).
=650  \0$aAlcohol$xPhysiological effect.
=650  \0$aThrombocytopenia.
=710  2\$aUniversity of Alberta.$bDepartment of Medicine.
=900  \\$aMK17464
=949  \\$zUAIN$zETHESIS

