=LDR  01136ntm a2200301I  4500
=001  uab09267886
=003  UAB
=005  20140911173911.0
=006  m|||||o||d||||||||
=007  cr||||||||||||
=008  140911t19731973xx\df\\\obm\\\000\0\eng\d
=040  \\$aUAB$beng$erda$cUAB
=050  \4$aQD461$b.D37 1973
=090  \\$aInternet Access$bAEU
=100  1\$aDasgupta, Archana,$eauthor.
=245  10$aNew developments in semi-empirical molecular orbital theory /$cby Archana Dasgupta.
=264  \1$c[1973]
=264  \4$c1973
=300  \\$a1 online resource (xii, 124 pages) :$billustrations
=336  \\$atext$btxt$2rdacontent
=337  \\$acomputer$bc$2rdamedia
=338  \\$aonline resource$bcr$2rdacarrier
=502  \\$bM. Sc.$cUniversity of Alberta$d1973.
=500  \\$a"A thesis submitted to the Faculty of Graduate Studies and Research in partial fulfillment of the requirements for the degree of Master of Science, Department of Chemistry."
=504  \\$aIncludes bibliographical references (pages 122-124).
=650  \0$aMolecular orbitals.
=710  2\$aUniversity of Alberta.$bDepartment of Chemistry.
=900  \\$aMK17489
=949  \\$zUAIN$zETHESIS

