=LDR  01223ntm a2200325I  4500
=001  uab09267922
=003  UAB
=005  20140911180130.0
=006  m|||||o||d||||||||
=007  cr||||||||||||
=008  140911t19731973xx\\\\\\obm\\\000\0\eng\d
=040  \\$aUAB$beng$erda$cUAB
=043  \\$an------
=050  \4$aPN2071.S65$bD59 1973
=090  \\$aInternet Access$bAEU
=100  1\$aDix-Hart, Jeremy J.,$eauthor.
=245  10$aMethods of voice-production for actors in North America /$cby Jeremy J. Dix-Hart.
=264  \1$c[1973]
=264  \4$c1973
=300  \\$a1 online resource (viii, 186 pages)
=336  \\$atext$btxt$2rdacontent
=337  \\$acomputer$bc$2rdamedia
=338  \\$aonline resource$bcr$2rdacarrier
=502  \\$bM.A.$cUniversity of Alberta$d1973.
=500  \\$a"A thesis submitted to the Faculty of Graduate Studies and Research in partial fulfilment of the requirements for the degree of Master of Arts, Department of Drama."
=504  \\$aIncludes bibliographical references (pages 115-116).
=650  \0$aVoice culture$xStudy and teaching$zNorth America.
=650  \0$aActing$xStudy and teaching$zNorth America.
=710  2\$aUniversity of Alberta.$bDepartment of Drama.
=900  \\$aMK17493
=949  \\$zUAIN$zETHESIS

