=LDR  01137ntm a2200301I  4500
=001  uab09267935
=003  UAB
=005  20140911180711.0
=006  m|||||o||d||||||||
=007  cr||||||||||||
=008  140911t19731973xx\af\\\obm\\\000\0\eng\d
=040  \\$aUAB$beng$erda$cUAB
=050  \4$aQA76.635$b.D66 1973
=090  \\$aInternet Access$bAEU
=100  1\$aDonaldson, Robert Gordon,$eauthor.
=245  10$aImplications of microprogramming /$cby Robert Gordon Donaldson.
=264  \1$c[1973]
=264  \4$c1973
=300  \\$a1 online resource (viii, 64 pages) :$billustrations
=336  \\$atext$btxt$2rdacontent
=337  \\$acomputer$bc$2rdamedia
=338  \\$aonline resource$bcr$2rdacarrier
=502  \\$bM. Sc.$cUniversity of Alberta$d1973.
=500  \\$a"A thesis submitted to the Faculty of Graduate Studies and Research in partial fulfilment of the requirements for the degree of Master of Science, Department of Computing Science."
=504  \\$aIncludes bibliographical references (pages 61-64).
=650  \0$aMicroprogramming.
=710  2\$aUniversity of Alberta.$bDepartment of Computing Science.
=900  \\$aMK17494
=949  \\$zUAIN$zETHESIS

