=LDR  01159ntm a2200301I  4500
=001  uab09268343
=003  UAB
=005  20140912100304.0
=006  m|||||o||d||||||||
=007  cr||||||||||||
=008  140912t19731973xx\af\\\obm\\\000\0\eng\d
=040  \\$aUAB$beng$erda$cUAB
=050  \4$aRD594$b.D89 1973
=090  \\$aInternet Access$bAEU
=100  1\$aDuysens, Jacques E. J.,$eauthor.
=245  14$aThe effect of subpial vertical cortical incisions on a cobalt-gelatin focus /$cby Jacques E.J. Duysens.
=264  \1$c[1973]
=264  \4$c1973
=300  \\$a1 online resource (x, 84 pages) :$billustrations
=336  \\$atext$btxt$2rdacontent
=337  \\$acomputer$bc$2rdamedia
=338  \\$aonline resource$bcr$2rdacarrier
=502  \\$bM. Sc.$cUniversity of Alberta$d1973.
=500  \\$a"A thesis submitted to the Faculty of Graduate Studies and Research in partial fulfilment of the requirements for the degree of Master of Science, Department of Medicine."
=504  \\$aIncludes bibliographical references (pages 72-84).
=650  \0$aCerebral cortex$xSurgery.
=710  2\$aUniversity of Alberta.$bDepartment of Medicine.
=900  \\$aMK17499
=949  \\$zUAIN$zETHESIS

