=LDR  01156ntm a2200301I  4500
=001  uab09268446
=003  UAB
=005  20140912122724.0
=006  m|||||o||d||||||||
=007  cr||||||||||||
=008  140912t19731973xx\adf\\obm\\\000\0\eng\d
=040  \\$aUAB$beng$erda$cUAB
=050  \4$aQP613.D43$bS56 1973
=090  \\$aInternet Access$bAEU
=100  1\$aSimonson, Lauritz P.,$eauthor.
=245  10$aProperties and kinetic studies of orotidylate decarboxylase /$cby Lauritz P. Simonson.
=264  \1$c[1973]
=264  \4$c1973
=300  \\$a1 online resource (1 volume (various pagings)) :$billustrations
=336  \\$atext$btxt$2rdacontent
=337  \\$acomputer$bc$2rdamedia
=338  \\$aonline resource$bcr$2rdacarrier
=502  \\$bM. Sc.$cUniversity of Alberta$d1973.
=500  \\$a"A thesis submitted to the Faculty of Graduate Studies and Research in partial fulfilment of the requirements for the degree of Master of Science, Department of Biochemistry."
=504  \\$aIncludes bibliographical references (pages 75-77).
=650  \0$aDecarboxylases.
=710  2\$aUniversity of Alberta.$bDepartment of Biochemistry.
=900  \\$aMK17689
=949  \\$zUAIN$zETHESIS

