=LDR  01234ntm a2200313I  4500
=001  uab09268472
=003  UAB
=005  20140912131357.0
=006  m|||||o||d||||||||
=007  cr||||||||||||
=008  140912t19731973xx\adf\\obm\\\000\0\eng\d
=040  \\$aUAB$beng$erda$cUAB
=050  \4$aQD412.H6$bS88 1973
=090  \\$aInternet Access$bAEU
=100  1\$aSuvanprakorn, Chirapa,$eauthor.
=245  10$aDetermination of formation constants for the binding of methylmercury by the amino group of selected aminocarboxylic acids /$cby Chirapa Suvanprakorn.
=264  \1$c[1973]
=264  \4$c1973
=300  \\$a1 online resource (xii, 68 pages) :$billustrations
=336  \\$atext$btxt$2rdacontent
=337  \\$acomputer$bc$2rdamedia
=338  \\$aonline resource$bcr$2rdacarrier
=502  \\$bM. Sc.$cUniversity of Alberta$d1973.
=500  \\$a"A thesis submitted to the Faculty of Graduate Studies and Research in partial fulfilment of the requirements for the degree of Master of Science, Department of Chemistry."
=504  \\$aIncludes bibliographical references (pages 65-67).
=650  \0$aMethylmercury.
=650  \0$aCarboxylic acids.
=710  2\$aUniversity of Alberta.$bDepartment of Chemistry.
=900  \\$aMK17703
=949  \\$zUAIN$zETHESIS

