=LDR  01324ntm a2200349I  4500
=001  uab09268485
=003  UAB
=005  20140912132349.0
=006  m|||||o||d||||||||
=007  cr||||||||||||
=008  140912t19731973xx\\\\\\obm\\\000\0deng\d
=040  \\$aUAB$beng$erda$cUAB
=043  \\$an-cn-ab
=050  \4$aHA37.C23$bA3637 1973
=090  \\$aInternet Access$bAEU
=100  1\$aSwanton, Joan E.,$eauthor.
=245  10$aOn the use of social science :$ba study of inference /$cby Joan E. Swanton.
=264  \1$c[1973]
=264  \4$c1973
=300  \\$a1 online resource (xii, 165 pages)
=336  \\$atext$btxt$2rdacontent
=337  \\$acomputer$bc$2rdamedia
=338  \\$aonline resource$bcr$2rdacarrier
=502  \\$bM.A.$cUniversity of Alberta$d1973.
=500  \\$a"A thesis submitted to the Faculty of Graduate Studies and Research in partial fulfilment of the requirements for the degree of Master of Arts, Department of Sociology."
=504  \\$aIncludes bibliographical references (pages 139-142).
=590  \\$aLibrary copy imperfect: page 1 scanned in twice.
=600  10$aMatthews, Victor.$tSocio-legal statistics in Alberta.
=651  \0$aAlberta$xStatistical services.
=650  \0$aCriminal statistics$zAlberta.
=710  2\$aUniversity of Alberta.$bDepartment of Sociology.
=900  \\$aMK17704
=949  \\$zUAIN$zETHESIS

