=LDR  01349ntm a2200325I  4500
=001  uab09268635
=003  UAB
=005  20140912145917.0
=006  m|||||o||d||||||||
=007  cr||||||||||||
=008  140912t19731973xx\\\\\\obm\\\000\0deng\d
=040  \\$aUAB$beng$erda$cUAB
=050  \4$aD16$b.W44 1973
=090  \\$aInternet Access$bAEU
=100  1\$aWehrell, Roger,$eauthor.
=245  10$aHeidegger's ontological framework of 'existentiell possibility,' 'authenticity' and 'inauthenticity' as a solution to the problem of uniqueness in the logic of historiographical explanation /$cby Roger Wehrell.
=264  \1$c[1973]
=264  \4$c1973
=300  \\$a1 online resource (iv, 231 pages)
=336  \\$atext$btxt$2rdacontent
=337  \\$acomputer$bc$2rdamedia
=338  \\$aonline resource$bcr$2rdacarrier
=502  \\$bM.A.$cUniversity of Alberta$d1973.
=500  \\$a"A thesis submitted to the Faculty of Graduate Studies and Research in partial fulfilment of the requirements for the degree of Master of Arts, Department of Philosophy."
=504  \\$aIncludes bibliographical references (pages [230]-231).
=650  \0$aHistory$xMethodology$xPhilosophy.
=650  \0$aScience$xMethodology$xPhilosophy.
=600  10$aHeidegger, Martin,$d1889-1976.
=710  2\$aUniversity of Alberta.$bDepartment of Philosophy.
=900  \\$aMK17723
=949  \\$zUAIN$zETHESIS

