=LDR  01275ntm a2200337I  4500
=001  uab09268659
=003  UAB
=005  20140912152212.0
=006  m|||||o||d||||||||
=007  cr||||||||||||
=008  140912t19731973xx\df\\\obm\\\000\0deng\d
=040  \\$aUAB$beng$erda$cUAB
=050  \4$aLB1121$b.W45 1973
=090  \\$aInternet Access$bAEU
=100  1\$aWeinreb, Neil,$eauthor.
=245  13$aAn investigation of gropement theory in the domains of time and speed /$cby Neil Weinreb.
=264  \1$c[1973]
=264  \4$c1973
=300  \\$a1 online resource (viii, 62 pages) :$billustrations
=336  \\$atext$btxt$2rdacontent
=337  \\$acomputer$bc$2rdamedia
=338  \\$aonline resource$bcr$2rdacarrier
=502  \\$bM.A.$cUniversity of Alberta$d1973.
=500  \\$a"A thesis submitted to the Faculty of Graduate Studies and Research in partial fulfilment of the requirements for the degree of Master of Arts, Department of Psychology."
=504  \\$aIncludes bibliographical references (pages 59-61).
=650  \0$aChild development$xPsychological aspects.
=600  10$aPiaget, Jean,$d1896-1980.
=650  \0$aTime perception.
=650  \0$aMotion perception (Vision)
=710  2\$aUniversity of Alberta.$bDepartment of Psychology.
=900  \\$aMK17725
=949  \\$zUAIN$zETHESIS

