=LDR  01223ntm a2200325I  4500
=001  uab09268985
=003  UAB
=005  20140915093252.0
=006  m|||||o||d||||||||
=007  cr||||||||||||
=008  140915t19731973xx\adf\\obm\\\000\0\eng\d
=040  \\$aUAB$beng$erda$cUAB
=050  \4$aQB843.S53$bW55 1973
=090  \\$aInternet Access$bAEU
=100  1\$aWilson, Gordon Alexander,$eauthor.
=245  10$aGravitational equilibrium and collape /$cby Gordon Alexander Wilson.
=264  \1$c[1973]
=264  \4$c1973
=300  \\$a1 online resource (viii, 109 pages) :$billustrations
=336  \\$atext$btxt$2rdacontent
=337  \\$acomputer$bc$2rdamedia
=338  \\$aonline resource$bcr$2rdacarrier
=502  \\$bM. Sc.$cUniversity of Alberta$d1973.
=500  \\$a"A thesis submitted to the Faculty of Graduate Studies and Research in partial fulfilment of the requirements for the degree of Master of Science in Theoretical Physics, Department of Physics."
=504  \\$aIncludes bibliographical references (pages 106-109).
=650  \0$aShell stars.
=650  \0$aGravitational collapse.
=650  \0$aBlack holes (Astronomy)
=710  2\$aUniversity of Alberta.$bDepartment of Physics.
=900  \\$aMK17735
=949  \\$zUAIN$zETHESIS

