=LDR  01231ntm a2200313I  4500
=001  uab09269012
=003  UAB
=005  20140915101818.0
=006  m|||||o||d||||||||
=007  cr||||||||||||
=008  140915t19731973xx\bf\\\obm\\\000\0\eng\d
=040  \\$aUAB$beng$erda$cUAB
=050  \4$aHE8700.7$b.Z65 1973
=090  \\$aInternet Access$bAEU
=100  1\$aZolf, Dorothy,$eauthor.
=245  10$aCommunity antennae television :$ba tool for community develeopment /$cby Dorothy Zolf.
=264  \1$c[1973]
=264  \4$c1973
=300  \\$a1 online resource (vi, 159 pages) :$bmaps
=336  \\$atext$btxt$2rdacontent
=337  \\$acomputer$bc$2rdamedia
=338  \\$aonline resource$bcr$2rdacarrier
=502  \\$bM.A.$cUniversity of Alberta$d1973.
=500  \\$a"A thesis submitted to the Faculty of Graduate Studies and Research in partial fulfilment of the requirements for the degree of Master of Arts, Interdepartmental Committee in Community Development."
=504  \\$aIncludes bibliographical references (pages 139-148).
=650  \0$aCable television.
=650  \0$aTelevision in community development.
=710  2\$aUniversity of Alberta.$bInterdepartmental Committee in Community Development.
=900  \\$aMK17747
=949  \\$zUAIN$zETHESIS

