=LDR  01207ntm a2200313I  4500
=001  uab09269110
=003  UAB
=005  20140915125139.0
=006  m|||||o||d||||||||
=007  cr||||||||||||
=008  140915t19741974xx\adf\\obm\\\000\0\eng\d
=040  \\$aUAB$beng$erda$cUAB
=050  \4$aPE1159$b.W45 1973
=090  \\$aInternet Access$bAEU
=100  1\$aWhitehurst, Anthony R.,$eauthor.
=245  14$aThe perceptual role of voice onset time /$cby Anthony R. Whitehurst.
=264  \1$c[1974]
=264  \4$c1974
=300  \\$a1 online resource (ix, 78 pages) :$billustrations
=336  \\$atext$btxt$2rdacontent
=337  \\$acomputer$bc$2rdamedia
=338  \\$aonline resource$bcr$2rdacarrier
=502  \\$bM. Sc.$cUniversity of Alberta$d1973.
=500  \\$a"A thesis submitted to the Faculty of Graduate Studies and Research in partial fulfilment of the requirements for the degree of Master of Science in Experimental Phonetics, Department of Linguistics."
=504  \\$aIncludes bibliographical references (pages 69-71).
=650  \0$aEnglish language$xConsonants.
=650  \0$aEnglish language$xPhonology.
=710  2\$aUniversity of Alberta.$bDepartment of Linguistics.
=900  \\$aMK21135
=949  \\$zUAIN$zETHESIS

