=LDR  01427ntm a2200349I  4500
=001  uab09269116
=003  UAB
=005  20140915132146.0
=006  m|||||o||d||||||||
=007  cr||||||||||||
=008  140915t19741974xx\\\\\\obm\\\000\0deng\d
=040  \\$aUAB$beng$erda$cUAB
=050  \4$aPG3328.Z7$bG663 1974
=090  \\$aInternet Access$bAEU
=100  1\$aAberant, Cathy,$eauthor.
=245  10$aGood and evil in F.M. Dostoevsky and D.S Merezhkovsky /$cby Cathy Aberant.
=264  \1$c[1974]
=264  \4$c1974
=300  \\$a1 online resource (vii, 102 pages)
=336  \\$atext$btxt$2rdacontent
=337  \\$acomputer$bc$2rdamedia
=338  \\$aonline resource$bcr$2rdacarrier
=502  \\$bM.A.$cUniversity of Alberta$d1974.
=500  \\$a"A thesis submitted to the Faculty of Graduate Studies in partial fulfillment of the requirements for the degree of Master of Arts, Department of Slavic Languages."
=504  \\$aIncludes bibliographical references (pages 100-102).
=590  \\$aLibrary copy imperfect: vii pages and pages 1-6 unreadable.
=650  \0$aGood and evil in literature.
=600  10$aDostoyevsky, Fyodor,$d1821-1881.$tPrestuplenie i nakazanie.
=600  10$aDostoyevsky, Fyodor,$d1821-1881.$tBratia Karamazovy.
=600  10$aMerezhkovsky, Dmitry Sergeyevich,$d1865-1941.$tKhristos i Antikhrist.
=710  2\$aUniversity of Alberta.$bDepartment of Slavic Languages.
=900  \\$aMK21740
=949  \\$zUAIN$zETHESIS

