=LDR  01311ntm a2200337I  4500
=001  uab09269129
=003  UAB
=005  20140915133344.0
=006  m|||||o||d||||||||
=007  cr||||||||||||
=008  140915t19741974xx\\\\\\obm\\\000\0\eng\d
=040  \\$aUAB$beng$erda$cUAB
=050  \4$aGV838.53.P75$bA38 1974
=090  \\$aInternet Access$bAEU
=100  1\$aAitkens, Cathy,$eauthor.
=245  10$aEffects of teacher expectations on student achievement in swimming /$cby Cathy Aitkens.
=264  \1$c[1974]
=264  \4$c1974
=300  \\$a1 online resource (viii, 63 pages)
=336  \\$atext$btxt$2rdacontent
=337  \\$acomputer$bc$2rdamedia
=338  \\$aonline resource$bcr$2rdacarrier
=502  \\$bM.A.$cUniversity of Alberta$d1974.
=500  \\$a"A thesis submitted to the Faculty of Graduate Studies and Research in partial fulfilment of the requirements for the degree of Master of Arts, Department of Physical Education."
=504  \\$aIncludes bibliographical references (pages 49-54).
=590  \\$aLibrary copy imperfect: viii pages and pages 1-19 blurry.
=650  \0$aSwimming$xPsychological aspects.
=650  \0$aTeacher-student relationships.
=650  \0$aExpectation (Psychology)
=710  2\$aUniversity of Alberta.$bDepartment of Physical Education.
=900  \\$aMK21742
=949  \\$zUAIN$zETHESIS

