=LDR  01345ntm a2200313I  4500
=001  uab09269140
=003  UAB
=005  20140915134614.0
=006  m|||||o||d||||||||
=007  cr||||||||||||
=008  140915t19741975xx\af\\\obm\\\000\0\eng\d
=040  \\$aUAB$beng$erda$cUAB
=050  \4$aHD30.4$b.A73 1974
=090  \\$aInternet Access$bAEU
=100  1\$aArchibald, Bryson Ross,$eauthor.
=245  10$aContextual properties and structural variables :$ba comparative analysis of schools of business administration /$cBryson Ross Archibald.
=264  \1$c[1974]
=264  \4$c1975
=300  \\$a1 online resource (ix, 248 pages) :$billustrations
=336  \\$atext$btxt$2rdacontent
=337  \\$acomputer$bc$2rdamedia
=338  \\$aonline resource$bcr$2rdacarrier
=502  \\$bM.B.A.$cUniversity of Alberta$d1974.
=500  \\$a"A thesis submitted to the Faculty of Graduate Studies and Research in partial fulfilment of the requirements for the degree of Master of Business Administration, Faculty of Business Administration and Commerce."
=504  \\$aIncludes bibliographical references (pages 229-240).
=590  \\$aLibrary copy imperfect: blurry/faded throughout.
=650  \0$aIndustrial management$xStudy and teaching.
=710  2\$aUniversity of Alberta.$bFaculty of Business Administration and Commerce.
=900  \\$aMK21746
=949  \\$zUAIN$zETHESIS

