=LDR  01170ntm a2200313I  4500
=001  uab09269178
=003  UAB
=005  20140915142129.0
=006  m|||||o||d||||||||
=007  cr||||||||||||
=008  140915t19741974xx\\\\\\obm\\\000\0\eng\d
=040  \\$aUAB$beng$erda$cUAB
=050  \4$aSB191.W5$bB36 1974
=090  \\$aInternet Access$bAEU
=100  1\$aBanks, Paul,$eauthor.
=245  10$aQuantitative-genetic analysis of nitrogen content in the grains of common wheat crosses /$cby Paul Banks.
=264  \1$c[1974]
=264  \4$c1974
=300  \\$a1 online resource (viii, 51 pages)
=336  \\$atext$btxt$2rdacontent
=337  \\$acomputer$bc$2rdamedia
=338  \\$aonline resource$bcr$2rdacarrier
=502  \\$bM. Sc.$cUniversity of Alberta$d1974.
=500  \\$a"A thesis submitted to the Faculty of Graduate Studies and Research in partial fulfilment of the requirements for the degree of Master of Science, Department of Genetics."
=504  \\$aIncludes bibliographical references (pages 46-49).
=650  \0$aWheat$xGenetics.
=650  \0$aNitrogen in agriculture.
=710  2\$aUniversity of Alberta.$bDepartment of Genetics.
=900  \\$aMK21754
=949  \\$zUAIN$zETHESIS

