=LDR  01149ntm a2200313I  4500
=001  uab09269194
=003  UAB
=005  20140915143102.0
=006  m|||||o||d||||||||
=007  cr||||||||||||
=008  140915t19741974xx\adf\\obm\\\000\0\eng\d
=040  \\$aUAB$beng$erda$cUAB
=050  \4$aQR186.8.M2$bB43 1974
=090  \\$aInternet Access$bAEU
=100  1\$aBeckers, Fabienne,$eauthor.
=245  14$aThe purification of IgM from normal human serum /$cby Fabienne Beckers.
=264  \1$c[1974]
=264  \4$c1974
=300  \\$a1 online resource (x, 80 pages) :$billustrations
=336  \\$atext$btxt$2rdacontent
=337  \\$acomputer$bc$2rdamedia
=338  \\$aonline resource$bcr$2rdacarrier
=502  \\$bM. Sc.$cUniversity of Alberta$d1974.
=500  \\$a"A thesis submitted to the Faculty of Graduate Studies and Research in partial fulfilment of the requirements for the degree of Master of Science, Department of Bacteriology."
=504  \\$aIncludes bibliographical references (pages 68-75).
=650  \0$aImmunoglobulin M.
=650  \0$aSerum.
=710  2\$aUniversity of Alberta.$bDepartment of Bacteriology.
=900  \\$aMK21759
=949  \\$zUAIN$zETHESIS

