=LDR  01207ntm a2200313I  4500
=001  uab09269220
=003  UAB
=005  20140915145320.0
=006  m|||||o||d||||||||
=007  cr||||||||||||
=008  140915t19741974xx\df\\\obm\\\000\0\eng\d
=040  \\$aUAB$beng$erda$cUAB
=050  \4$aGV847.3$b.B53 1974
=090  \\$aInternet Access$bAEU
=100  1\$aBlakely, Valerie W.,$eauthor.
=245  14$aThe relationship of alienation to highly organized sport /$cby Valerie W. Blakely.
=264  \1$c[1974]
=264  \4$c1974
=300  \\$a1 online resource (viii, 57 pages) :$billustrations
=336  \\$atext$btxt$2rdacontent
=337  \\$acomputer$bc$2rdamedia
=338  \\$aonline resource$bcr$2rdacarrier
=502  \\$bM.A.$cUniversity of Alberta$d1974.
=500  \\$a"A thesis submitted to the Faculty of Graduate Studies and Research in partial fulfilment of the requirements for the degree of Master of Arts, Department of Physical Education."
=504  \\$aIncludes bibliographical references (pages 47-53).
=650  \0$aHockey$xPsychological aspects.
=650  \0$aAlienation (Social psychology)
=710  2\$aUniversity of Alberta.$bDepartment of Physical Education.
=900  \\$aMK21765
=949  \\$zUAIN$zETHESIS

