=LDR  01224ntm a2200301I  4500
=001  uab09269248
=003  UAB
=005  20140915152803.0
=006  m|||||o||d||||||||
=007  cr||||||||||||
=008  140915t19741974xx\adf\\obm\\\000\0\eng\d
=040  \\$aUAB$beng$erda$cUAB
=050  \4$aQL638.25.P48$bB68 1974
=090  \\$aInternet Access$bAEU
=100  1\$aBourque, Sandra C.,$eauthor.
=245  14$aThe effect of acclimation temperature on oxygen consumption and blood properties of larval arctic lamprey, Lampetra japonica /$cby Sandra C. Bourque.
=264  \1$c[1974]
=264  \4$c1974
=300  \\$a1 online resource (ix, 96 pages) :$billustrations
=336  \\$atext$btxt$2rdacontent
=337  \\$acomputer$bc$2rdamedia
=338  \\$aonline resource$bcr$2rdacarrier
=502  \\$bM. Sc.$cUniversity of Alberta$d1974.
=500  \\$a"A thesis submitted to the Faculty of Graduate Studies and Research in partial fulfilment of the requirements for the degree of Master of Science, Department of Zoology."
=504  \\$aIncludes bibliographical references (pages 66-73).
=650  \0$aLampetra$xLarvae$xEffect of temperature on.
=710  2\$aUniversity of Alberta.$bDepartment of Zoology.
=900  \\$aMK21768
=949  \\$zUAIN$zETHESIS

