=LDR  01260ntm a2200325I  4500
=001  uab09269271
=003  UAB
=005  20140915155554.0
=006  m|||||o||d||||||||
=007  cr||||||||||||
=008  140915t19741974xx\adf\\obm\\\000\0\eng\d
=040  \\$aUAB$beng$erda$cUAB
=050  \4$aQK623.A78$bB76 1974
=090  \\$aInternet Access$bAEU
=100  1\$aBrosseau, James Dwane,$eauthor.
=245  10$aPyrolysis gas-liquid chromatography applied to a study of variation in Arthroderma tuberculatum /$cby James Dwane Brosseau.
=264  \1$c[1974]
=264  \4$c1974
=300  \\$a1 online resource (xii, 116 pages) :$billustrations
=336  \\$atext$btxt$2rdacontent
=337  \\$acomputer$bc$2rdamedia
=338  \\$aonline resource$bcr$2rdacarrier
=502  \\$bM. Sc.$cUniversity of Alberta$d1974.
=500  \\$a"A thesis submitted to the Faculty of Graduate Studies and Research in partial fulfilment of the requirements for the degree of Master of Science, Department of Medical Bacteriology."
=504  \\$aIncludes bibliographical references (pages 108-116).
=650  \0$aAscomycetes.
=650  \0$aGas chromatography.
=650  \0$aPyrolysis.
=710  2\$aUniversity of Alberta.$bDepartment of Medical Bacteriology.
=900  \\$aMK21772
=949  \\$zUAIN$zETHESIS

