=LDR  01199ntm a2200313I  4500
=001  uab09269283
=003  UAB
=005  20140915161609.0
=006  m|||||o||d||||||||
=007  cr||||||||||||
=008  140915t19741974xx\adf\\obm\\\000\0\eng\d
=040  \\$aUAB$beng$erda$cUAB
=050  \4$aQR396$b.C37 1974
=090  \\$aInternet Access$bAEU
=100  1\$aCarstens, Eric Bruce,$eauthor.
=245  13$aAn analysis of adenovirus-induced crystalline inclusions /$cby Eric Bruce Carstens.
=264  \1$c[1974]
=264  \4$c1974
=300  \\$a1 online resource (xv, 88 pages) :$billustrations
=336  \\$atext$btxt$2rdacontent
=337  \\$acomputer$bc$2rdamedia
=338  \\$aonline resource$bcr$2rdacarrier
=502  \\$bM. Sc.$cUniversity of Alberta$d1974.
=500  \\$a"A thesis submitted to the Faculty of Graduate Studies and Research in partial fulfilment of the requirements for the degree of Master of Science in Virology, Department of Medical Bacteriology."
=504  \\$aIncludes bibliographical references (pages 76-85).
=650  \0$aAdenoviruses.
=650  \0$aProteins$xStructure.
=710  2\$aUniversity of Alberta.$bDepartment of Medical Bacteriology.
=900  \\$aMK21780
=949  \\$zUAIN$zETHESIS

