=LDR  01227ntm a2200313I  4500
=001  uab09269316
=003  UAB
=005  20140915165053.0
=006  m|||||o||d||||||||
=007  cr||||||||||||
=008  140915t19741974xx\\\\\\obm\\\000\0\eng\d
=040  \\$aUAB$beng$erda$cUAB
=050  \4$aHN49.C6$bC48 1974
=090  \\$aInternet Access$bAEU
=100  1\$aChutter, Gordon A.,$eauthor.
=245  10$aCommunity development practice and theories of community /$cby Gordon A. Chutter.
=264  \1$c[1974]
=264  \4$c1974
=300  \\$a1 online resource (xv, 135 pages)
=336  \\$atext$btxt$2rdacontent
=337  \\$acomputer$bc$2rdamedia
=338  \\$aonline resource$bcr$2rdacarrier
=502  \\$bM.A.$cUniversity of Alberta$d1974.
=500  \\$a"A thesis submitted to the Faculty of Graduate Studies and Research in partial fulfilment of the requirements for the degree of Master of Arts in Community Development, Interdepartmental Committee in Community Development."
=504  \\$aIncludes bibliographical references (pages 131-135).
=650  \0$aCommunity development.
=650  \0$aCommunities.
=710  2\$aUniversity of Alberta.$bInterdepartmental Committee in Community Development.
=900  \\$aMK21785
=949  \\$zUAIN$zETHESIS

