=LDR  01151ntm a2200313I  4500
=001  uab09269338
=003  UAB
=005  20140915171906.0
=006  m|||||o||d||||||||
=007  cr||||||||||||
=008  140915t19741974xx\\\\\\obm\\\000\0\eng\d
=040  \\$aUAB$beng$erda$cUAB
=050  \4$aPN1077$b.C65 1974
=090  \\$aInternet Access$bAEU
=100  1\$aCollier, Gary J.,$eauthor.
=245  10$aPoetry :$ba phenomenological and experimental investigation /$cby Gary J. Collier.
=264  \1$c[1974]
=264  \4$c1974
=300  \\$a1 online resource (x, 176 pages)
=336  \\$atext$btxt$2rdacontent
=337  \\$acomputer$bc$2rdamedia
=338  \\$aonline resource$bcr$2rdacarrier
=502  \\$bM. Sc.$cUniversity of Alberta$d1974.
=500  \\$a"A thesis submitted to the Faculty of Graduate Studies and Research in partial fulfilment of the requirements for the degree of Master of Science, Department of Psychology."
=504  \\$aIncludes bibliographical references (pages 130-134).
=650  \0$aPoetry.
=650  \0$aPhenomenology and literature.
=710  2\$aUniversity of Alberta.$bDepartment of Psychology.
=900  \\$aMK21789
=949  \\$zUAIN$zETHESIS

