=LDR  01264ntm a2200325I  4500
=001  uab09269491
=003  UAB
=005  20140916100945.0
=006  m|||||o||d||||||||
=007  cr||||||||||||
=008  140916t19741974xx\df\\\obm\\\000\0\eng\d
=040  \\$aUAB$beng$erda$cUAB
=043  \\$an-cn-ab
=050  \4$aHV8160.E36$bF47 1974
=090  \\$aInternet Access$bAEU
=100  1\$aFerguson, Norma Mary,$eauthor.
=245  10$aApplication documents and performance ratings of community police /$cby Norma Mary Ferguson.
=264  \1$c[1974]
=264  \4$c1974
=300  \\$a1 online resource (xii, 155 pages) :$billustrations
=336  \\$atext$btxt$2rdacontent
=337  \\$acomputer$bc$2rdamedia
=338  \\$aonline resource$bcr$2rdacarrier
=502  \\$bM.A.$cUniversity of Alberta$d1974.
=500  \\$a"A thesis submitted to the Faculty of Graduate Studies and Research in partial fulfillment of the requirements for the degree of Master of Arts, Department of Psychology."
=504  \\$aIncludes bibliographical references (pages 115-118).
=650  \0$aPolice$xRating of$zAlberta $zEdmonton.
=650  \0$aPrediction of occupational success$zAlberta $zEdmonton.
=710  2\$aUniversity of Alberta.$bDepartment of Psychology.
=900  \\$aMK21812
=949  \\$zUAIN$zETHESIS

