=LDR  01207ntm a2200313I  4500
=001  uab09269625
=003  UAB
=005  20140916130533.0
=006  m|||||o||d||||||||
=007  cr||||||||||||
=008  140916t19751975xx\ad\\\obm\\\000\0\eng\d
=040  \\$aUAB$beng$erda$cUAB
=050  \4$aGV706.35$b.L48 1975
=090  \\$aInternet Access$bAEU
=100  1\$aLeveille, Laurie M.,$eauthor.
=245  12$aA study of opportunity for participation in organized community sport /$cby Laurie M. Leveille.
=264  \1$c[1975]
=264  \4$c1975
=300  \\$a1 online resource (xiv, 90 pages) :$billustrations
=336  \\$atext$btxt$2rdacontent
=337  \\$acomputer$bc$2rdamedia
=338  \\$aonline resource$bcr$2rdacarrier
=502  \\$bM.A.$cUniversity of Alberta$d1975.
=500  \\$a"A thesis submitted to the Faculty of Graduate Studies and Research in partial fulfilment of the requirements for the degree of Master of Arts, Department of Physical Education."
=504  \\$aIncludes bibliographical references (pages 66-69).
=650  \0$aSports and state.
=650  \0$aSports$xCitizen participation.
=710  2\$aUniversity of Alberta.$bDepartment of Physical Education.
=900  \\$aMK24082
=949  \\$zUAIN$zETHESIS

