=LDR  01226ntm a2200325I  4500
=001  uab09269628
=003  UAB
=005  20140916131225.0
=006  m|||||o||d||||||||
=007  cr||||||||||||
=008  140916t19751975xx\\\\\\obm\\\000\0\eng\d
=040  \\$aUAB$beng$erda$cUAB
=043  \\$ae-uk---
=050  \4$aJZ4871$b.M35 1975
=090  \\$aInternet Access$bAEU
=100  1\$aMcKercher, Brian,$eauthor.
=245  14$aThe golden gleam, 1916-1920 :$bBritain and the origins of the League of Nations /$cby Brian McKercher.
=264  \1$c[1975]
=264  \4$c1975
=300  \\$a1 online resource (ix, 185 pages)
=336  \\$atext$btxt$2rdacontent
=337  \\$acomputer$bc$2rdamedia
=338  \\$aonline resource$bcr$2rdacarrier
=502  \\$bM.A.$cUniversity of Alberta$d1975.
=500  \\$a"A thesis submitted to the Faculty of Graduate Studies and Research in partial fulfilment of the requirements for the degree of Master of Arts, Department of History."
=504  \\$aIncludes bibliographical references (pages 150-177).
=610  20$aLeague of Nations$zGreat Britain.
=651  \0$aGreat Britain$xForeign relations$y1910-1936.
=710  2\$aUniversity of Alberta.$bDepartment of History.
=900  \\$aMK24090
=949  \\$zUAIN$zETHESIS

