=LDR  01294ntm a2200325I  4500
=001  uab09269649
=003  UAB
=005  20140916135413.0
=006  m|||||o||d||||||||
=007  cr||||||||||||
=008  140916t19751975xx\abdf\obm\\\000\0\eng\d
=040  \\$aUAB$beng$erda$cUAB
=043  \\$an-cn-ab
=050  \4$aHD7305.E36$bM37 1975
=090  \\$aInternet Access$bAEU
=100  1\$aMary, Hans-Werner,$eauthor.
=245  14$aThe influence of aircraft noise annoyance on single-family house prices :$ba case study of Edmonton's industrial airport /$cby Hans-Werner Mary.
=264  \1$c[1975]
=264  \4$c1975
=300  \\$a1 online resource (xiii, 142 pages) :$billustrations, maps
=336  \\$atext$btxt$2rdacontent
=337  \\$acomputer$bc$2rdamedia
=338  \\$aonline resource$bcr$2rdacarrier
=502  \\$bM.A.$cUniversity of Alberta$d1975.
=500  \\$a"A thesis submitted to the Faculty of Graduate Studies and Research in partial fulfilment of the requirements for the degree of Master of Arts, Department of Geography."
=504  \\$aIncludes bibliographical references (pages 130-134).
=650  \0$aHousing$xPrices$zAlberta $zEdmonton.
=650  \0$aAirport noise$zAlberta $zEdmonton.
=710  2\$aUniversity of Alberta.$bDepartment of Geography.
=900  \\$aMK24095
=949  \\$zUAIN$zETHESIS

