=LDR  01209ntm a2200313I  4500
=001  uab09269679
=003  UAB
=005  20140916143150.0
=006  m|||||o||d||||||||
=007  cr||||||||||||
=008  140916t19751975xx\adf\\obm\\\000\0\eng\d
=040  \\$aUAB$beng$erda$cUAB
=050  \4$aSF977.O88$bP47 1975
=090  \\$aInternet Access$bAEU
=100  1\$aPerrin, Walter Robert,$eauthor.
=245  10$aInvestigations of arthrosis in growing male pigs /$cby Walter Robert Perrin.
=264  \1$c[1975]
=264  \4$c1975
=300  \\$a1 online resource (xv, 104 pages) :$billustrations
=336  \\$atext$btxt$2rdacontent
=337  \\$acomputer$bc$2rdamedia
=338  \\$aonline resource$bcr$2rdacarrier
=502  \\$bM. Sc.$cUniversity of Alberta$d1975.
=500  \\$a"A thesis submitted to the Faculty of Graduate Studies and Research in partial fulfilment of the requirements for the degree of Master of Science in Animal Nutrition, Department of Animal Science."
=504  \\$aIncludes bibliographical references (pages 89-99).
=650  \0$aSwine$xDiseases.
=650  \0$aOsteoarthritis$xExercise therapy.
=710  2\$aUniversity of Alberta.$bDepartment of Animal Science.
=900  \\$aMK24112
=949  \\$zUAIN$zETHESIS

