=LDR  01210ntm a2200313I  4500
=001  uab09269771
=003  UAB
=005  20140916163247.0
=006  m|||||o||d||||||||
=007  cr||||||||||||
=008  140916t19751975xx\adf\\obm\\\000\0\eng\d
=040  \\$aUAB$beng$erda$cUAB
=050  \4$aRC1220.A37$bS97 1975
=090  \\$aInternet Access$bAEU
=100  1\$aSyrotuik, Daniel Gary,$eauthor.
=245  10$aAerobic work capacity after mild dehydration /$cby Daniel Gary Syrotuik.
=264  \1$c[1975]
=264  \4$c1975
=300  \\$a1 online resource (xi, 85 pages) :$billustrations
=336  \\$atext$btxt$2rdacontent
=337  \\$acomputer$bc$2rdamedia
=338  \\$aonline resource$bcr$2rdacarrier
=502  \\$bM. Sc.$cUniversity of Alberta$d1975.
=500  \\$a"A thesis submitted to the Faculty of Graduate Studies and Research in partial fulfillment of the requirements for the degree of Master of Science, Department of Physical Education."
=504  \\$aIncludes bibliographical references (pages 83-85).
=650  \0$aAerobic exercises$xPhysiological aspects.
=650  \0$aDehydration (Physiology)
=710  2\$aUniversity of Alberta.$bDepartment of Physical Education.
=900  \\$aMK24140
=949  \\$zUAIN$zETHESIS

