=LDR  01169ntm a2200325I  4500
=001  uab09269812
=003  UAB
=005  20140916171712.0
=006  m|||||o||d||||||||
=007  cr||||||||||||
=008  140916t19751975xx\\\\\\obm\\\000\0deng\d
=040  \\$aUAB$beng$erda$cUAB
=050  \4$aB2794.A53$bL34 1975
=090  \\$aInternet Access$bAEU
=100  1\$aLahey, Alice Linda,$eauthor.
=245  10$aKant's second analogy /$cby Alice Linda Lahey.
=264  \1$c[1975]
=264  \4$c1975
=300  \\$a1 online resource (vi, 72 pages)
=336  \\$atext$btxt$2rdacontent
=337  \\$acomputer$bc$2rdamedia
=338  \\$aonline resource$bcr$2rdacarrier
=502  \\$bM.A.$cUniversity of Alberta$d1975.
=500  \\$a"A thesis submitted to the Faculty of Graduate Studies and Research in partial fulfilment of the requirements for the degree of Master of Arts, Department of Philosophy."
=504  \\$aIncludes bibliographical references (pages 70-71).
=600  10$aKant, Immanuel,$d1724-1804.$tKritik der praktischen Vernunft.
=650  \0$aCausation.
=650  \0$aTime.
=710  2\$aUniversity of Alberta.$bDepartment of Philosophy.
=900  \\$aMK26809
=949  \\$zUAIN$zETHESIS

