=LDR  01227ntm a2200313I  4500
=001  uab09269840
=003  UAB
=005  20140916175506.0
=006  m|||||o||d||||||||
=007  cr||||||||||||
=008  140916t19751975xx\\\\\\obm\\\000\0\eng\d
=040  \\$aUAB$beng$erda$cUAB
=050  \4$aRC901.7.H45$bL39 1975
=090  \\$aInternet Access$bAEU
=100  1\$aLazarenko, Ferne Alice,$eauthor.
=245  10$aBroad spectra nutritional supplementation of maintenance hemodialysis patients /$cby Ferne Alice Lazarenko.
=264  \1$c[1975]
=264  \4$c1975
=300  \\$a1 online resource (xv, 121 pages)
=336  \\$atext$btxt$2rdacontent
=337  \\$acomputer$bc$2rdamedia
=338  \\$aonline resource$bcr$2rdacarrier
=502  \\$bM. Sc.$cUniversity of Alberta$d1975.
=500  \\$a"A thesis submitted to the Faculty of Graduate Studies and Research in partial fulfillment of the requirements for the degree of Master of Science in Nutrition, School of Household Economics."
=504  \\$aIncludes bibliographical references (pages 78-83).
=650  \0$aHemodialysis$xPatients$xNutrition.
=650  \0$aDietary supplements.
=710  2\$aUniversity of Alberta.$bSchool of Household Economics.
=900  \\$aMK26817
=949  \\$zUAIN$zETHESIS

