=LDR  01216ntm a2200313I  4500
=001  uab09269865
=003  UAB
=005  20140916183628.0
=006  m|||||o||d||||||||
=007  cr||||||||||||
=008  140916t19751975xx\\\\\\obm\\\000\0\eng\d
=040  \\$aUAB$beng$erda$cUAB
=043  \\$af------
=050  \4$aHQ766.5.A35$bM33 1975
=090  \\$aInternet Access$bAEU
=100  1\$aMcCue, Darlene Judy Letwinetz,$eauthor.
=245  10$aFamily planning programs :$ba humanistic approach, with special reference to Africa /$cby Darlene Judy Letwinetz McCue.
=264  \1$c[1975]
=264  \4$c1975
=300  \\$a1 online resource (viii, 154 pages)
=336  \\$atext$btxt$2rdacontent
=337  \\$acomputer$bc$2rdamedia
=338  \\$aonline resource$bcr$2rdacarrier
=502  \\$bM.A.$cUniversity of Alberta$d1975.
=500  \\$a"A thesis submitted to the Faculty of Graduate Studies and Research in partial fulfilment of the requirements for the degree of Master of Arts, Division of Community Development."
=504  \\$aIncludes bibliographical references (pages 140-148).
=650  \0$aFamily planning$zAfrica.
=710  2\$aUniversity of Alberta.$bDivision of Community Development.
=900  \\$aMK26832
=949  \\$zUAIN$zETHESIS

