=LDR  01213ntm a2200325I  4500
=001  uab09269996
=003  UAB
=005  20140917100246.0
=006  m|||||o||d||||||||
=007  cr||||||||||||
=008  140917t19751975xx\adf\\obm\\\000\0\eng\d
=040  \\$aUAB$beng$erda$cUAB
=050  \4$aQL537.D76$bM37 1975
=090  \\$aInternet Access$bAEU
=100  1\$aMaranda, Bruno J. M.,$eauthor.
=245  12$aA study of dopamine acetyl transferase in Drosophila melanogaster /$cby Bruno J.M. Maranda.
=264  \1$c[1975]
=264  \4$c1975
=300  \\$a1 online resource (xi, 120 pages) :$billustrations
=336  \\$atext$btxt$2rdacontent
=337  \\$acomputer$bc$2rdamedia
=338  \\$aonline resource$bcr$2rdacarrier
=502  \\$bM. Sc.$cUniversity of Alberta$d1975.
=500  \\$a"A thesis submitted to the Faculty of Graduate Studies and Research in partial fulfilment of the requirements for the degree of Master of Science, Department of Genetics."
=504  \\$aIncludes bibliographical references (pages 114-120).
=650  \0$aDrosophila melanogaster.
=650  \0$aAcetyltransferases.
=650  \0$aDopamine.
=710  2\$aUniversity of Alberta.$bDepartment of Genetics.
=900  \\$aMK26843
=949  \\$zUAIN$zETHESIS

