=LDR  01409ntm a2200325I  4500
=001  uab09270015
=003  UAB
=005  20140917101912.0
=006  m|||||o||d||||||||
=007  cr||||||||||||
=008  140917t19751975xx\af\\\om\\\\000\0\eng\d
=040  \\$aUAB$beng$erda$cUAB
=043  \\$an-cn-ab
=050  \4$aHE5635.E36$bM57 1975
=090  \\$aInternet Access$bAEU
=100  1\$aMissal, Marreen L.,$d1950-$eauthor.
=245  10$aRedesign of the Edmonton transit bus map and symbol as part of a consistant corporate identy system /$cby Marreen L. Missal.
=246  3\$aRedesign of the Edmonton transit bus map and symbol as part of a consistent corporate identity system
=264  \1$c[1975]
=264  \4$c1975
=300  \\$a1 online resource (1 volume (various pagings)) :$billustrations
=336  \\$atext$btxt$2rdacontent
=337  \\$acomputer$bc$2rdamedia
=338  \\$aonline resource$bcr$2rdacarrier
=502  \\$bMaster of Visual Arts$cUniversity of Alberta$d1975.
=500  \\$a"A thesis submitted to the Faculty of Graduate Studies and Research in partial fulfilment of the requirements for the degree of Master of Visual Arts in Visual Communications Design, Department of Art and Design."
=650  \0$aBus rapid transit$zAlberta $zEdmonton$xMaps$xSymbols$xDesign.
=650  \0$aCorporate image.
=710  2\$aUniversity of Alberta.$bDepartment of Art and Design.
=900  \\$aMK26851
=949  \\$zUAIN$zETHESIS

