=LDR  01135ntm a2200301I  4500
=001  uab09270037
=003  UAB
=005  20140917104013.0
=006  m|||||o||d||||||||
=007  cr||||||||||||
=008  140917t19751975xx\af\\\obm\\\000\0\eng\d
=040  \\$aUAB$beng$erda$cUAB
=050  \4$aQA175$b.M67 1975
=090  \\$aInternet Access$bAEU
=100  1\$aMortimer, Brian,$eauthor.
=245  10$aPrimitive permutation groups of prime power degree /$cby Brian Mortimer.
=264  \1$c[1975]
=264  \4$c1975
=300  \\$a1 online resource (vii, 51 pages) :$billustrations
=336  \\$atext$btxt$2rdacontent
=337  \\$acomputer$bc$2rdamedia
=338  \\$aonline resource$bcr$2rdacarrier
=502  \\$bM. Sc.$cUniversity of Alberta$d1975.
=500  \\$a"A thesis submitted to the Faculty of Graduate Studies and Research in partial fulfillment of the requirements for the degree of Master of Science in Mathematics, Department of Mathematics."
=504  \\$aIncludes bibliographical references (page 51).
=650  \0$aPermutation groups.
=710  2\$aUniversity of Alberta.$bDepartment of Mathematics.
=900  \\$aMK26855
=949  \\$zUAIN$zETHESIS

