=LDR  01198ntm a2200313I  4500
=001  uab09270041
=003  UAB
=005  20140917104333.0
=006  m|||||o||d||||||||
=007  cr||||||||||||
=008  140917t19751975xx\\\\\\obm\\\000\0\eng\d
=040  \\$aUAB$beng$erda$cUAB
=050  \4$aBC199.C56$bN53 1975
=090  \\$aInternet Access$bAEU
=100  1\$aNicely, Steven Vaughn,$eauthor.
=245  14$aThe comprehension of conditional messages :$ba method for investigating the variable meaning of 'if' /$cby Steven Vaughn Nicely.
=264  \1$c[1975]
=264  \4$c1975
=300  \\$a1 online resource (viii, 100 pages)
=336  \\$atext$btxt$2rdacontent
=337  \\$acomputer$bc$2rdamedia
=338  \\$aonline resource$bcr$2rdacarrier
=502  \\$bM.A.$cUniversity of Alberta$d1975.
=500  \\$a"A thesis submitted to the Faculty of Graduate Studies and Research in partial fulfilment of the requirements for the degree of Master of Arts, Department of Psychology."
=504  \\$aIncludes bibliographical references (pages 87-90).
=650  \0$aConditionals (Logic)
=650  \0$aComprehension.
=710  2\$aUniversity of Alberta.$bDepartment of Psychology.
=900  \\$aMK26863
=949  \\$zUAIN$zETHESIS

