=LDR  01272ntm a2200325I  4500
=001  uab09270084
=003  UAB
=005  20140917112052.0
=006  m|||||o||d||||||||
=007  cr||||||||||||
=008  140917t19751975xx\\\\\\obm\\\000\0deng\d
=040  \\$aUAB$beng$erda$cUAB
=050  \4$aPT2617.E946$bZ797 1975
=090  \\$aInternet Access$bAEU
=100  1\$aOrmanroyd, Andrew John,$eauthor.
=245  10$aMoon imagery in the poetry of Arthur Rimbaud and Georg Heym :$ba case for influence /$cby Andrew John Ormanroyd.
=264  \1$c[1975]
=264  \4$c1975
=300  \\$a1 online resource (v, 88 pages)
=336  \\$atext$btxt$2rdacontent
=337  \\$acomputer$bc$2rdamedia
=338  \\$aonline resource$bcr$2rdacarrier
=502  \\$bM.A.$cUniversity of Alberta$d1975.
=500  \\$a"A thesis submitted to the Faculty of Graduate Studies and Research in partial fulfilment of the requirements for the degree of Master of Arts, Department of Comparative Literature."
=504  \\$aIncludes bibliographical references (pages 85-88).
=600  10$aHeym, Georg,$d1887-1912.
=600  10$aRimbaud, Arthur,$d1854-1891$xInfluence.
=650  \0$aMoon$xIn literature.
=710  2\$aUniversity of Alberta.$bDepartment of Comparative Literature.
=900  \\$aMK26875
=949  \\$zUAIN$zETHESIS

