=LDR  01191ntm a2200313I  4500
=001  uab09270560
=003  UAB
=005  20140918103417.0
=006  m|||||o||d||||||||
=007  cr||||||||||||
=008  140918t19751975xx\\\\\\obm\\\000\0deng\d
=040  \\$aUAB$beng$erda$cUAB
=050  \4$aPR4592.H47$bP46 1975
=090  \\$aInternet Access$bAEU
=100  1\$aPholsward, Ruja,$eauthor.
=245  10$aDickens's dark heroines :$ba study of their character traits /$cby Ruja Pholsward.
=264  \1$c[1975]
=264  \4$c1975
=300  \\$a1 online resource (vii, 122 pages)
=336  \\$atext$btxt$2rdacontent
=337  \\$acomputer$bc$2rdamedia
=338  \\$aonline resource$bcr$2rdacarrier
=502  \\$bM.A.$cUniversity of Alberta$d1975.
=500  \\$a"A thesis submitted to the Faculty of Graduate Studies and Research in partial fulfillment of the requirements for the degree of Master of Arts, Department of English."
=504  \\$aIncludes bibliographical references (pages 119-122).
=600  10$aDickens, Charles,$d1812-1870$xCriticism and interpretation.
=650  \0$aHeroines in literature.
=710  2\$aUniversity of Alberta.$bDepartment of English.
=900  \\$aMK26886
=949  \\$zUAIN$zETHESIS

