=LDR  01327ntm a2200337I  4500
=001  uab09270636
=003  UAB
=005  20140918113938.0
=006  m|||||o||d||||||||
=007  cr||||||||||||
=008  140918t19751975xx\adf\\obm\\\000\0\eng\d
=040  \\$aUAB$beng$erda$cUAB
=050  \4$aRD575$b.P54 1975
=090  \\$aInternet Access$bAEU
=100  1\$aPiercy, Graham Bruce,$eauthor.
=245  10$aPhentolamine treatment of ischemically damaged hypothermically perfused canine kidneys /$cby Graham Bruce Piercy, MBBS, MRCS, LRCP.
=264  \1$c[1975]
=264  \4$c1975
=300  \\$a1 online resource (xvi, 134 pages) :$billustrations
=336  \\$atext$btxt$2rdacontent
=337  \\$acomputer$bc$2rdamedia
=338  \\$aonline resource$bcr$2rdacarrier
=502  \\$bM. Sc.$cUniversity of Alberta$d1975.
=500  \\$a"A thesis submitted to the Faculty of Graduate Studies and Research in partial fulfilment of the requirements for the degree of Master of Science in Experimental Surgery, Department of Surgery."
=504  \\$aIncludes bibliographical references (pages 123-133).
=650  \0$aKidneys$xTransplantation$xComplications.
=650  \0$aPhentolamine.
=650  \0$aIschemia.
=650  \0$aDogs as laboratory animals.
=710  2\$aUniversity of Alberta.$bDepartment of Surgery.
=900  \\$aMK26887
=949  \\$zUAIN$zETHESIS

