=LDR  01287ntm a2200325I  4500
=001  uab09270717
=003  UAB
=005  20140918132809.0
=006  m|||||o||d||||||||
=007  cr||||||||||||
=008  140918t19751975xx\\\\\\obm\\\000\0deng\d
=040  \\$aUAB$beng$erda$cUAB
=050  \4$aML3849$b.R63 1975
=090  \\$aInternet Access$bAEU
=100  1\$aRoberts, Carolyn,$eauthor.
=245  14$aThe libretto as literature :$ba historical and theoretical study with The rake's progress as illustration /$cby Carolyn Roberts.
=264  \1$c[1975]
=264  \4$c1975
=300  \\$a1 online resource (vii, 140 pages)
=336  \\$atext$btxt$2rdacontent
=337  \\$acomputer$bc$2rdamedia
=338  \\$aonline resource$bcr$2rdacarrier
=502  \\$bM.A.$cUniversity of Alberta$d1975.
=500  \\$a"A thesis submitted to the Faculty of Graduate Studies and Research in partial fulfilment of the requirements for the degree of Master of Arts, Department of Comparative Literature."
=504  \\$aIncludes bibliographical references (pages 108-134).
=650  \0$aMusic and literature.
=650  \0$aLibretto.
=600  10$aAuden, W. H.$q(Wystan Hugh),$d1907-1973.$tRake's progress.
=710  2\$aUniversity of Alberta.$bDepartment of Comparative Literature.
=900  \\$aMK26902
=949  \\$zUAIN$zETHESIS

