=LDR  01104ntm a2200301I  4500
=001  uab09270728
=003  UAB
=005  20140918134933.0
=006  m|||||o||d||||||||
=007  cr||||||||||||
=008  140918t19751975xx\d\\\\obm\\\000\0\eng\d
=040  \\$aUAB$beng$erda$cUAB
=050  \4$aQA379$b.S28 1975
=090  \\$aInternet Access$bAEU
=100  1\$aSato, F. Brent,$eauthor.
=245  12$aA singular boundary value problem /$cby F. Brent Sato.
=264  \1$c[1975]
=264  \4$c1975
=300  \\$a1 online resource (vi, 46 pages) :$billustrations
=336  \\$atext$btxt$2rdacontent
=337  \\$acomputer$bc$2rdamedia
=338  \\$aonline resource$bcr$2rdacarrier
=502  \\$bM. Sc.$cUniversity of Alberta$d1975.
=500  \\$a"A thesis submitted to the Faculty of Graduate Studies and Research in partial fulfilment of the requirements for the degree of Master of Science, Department of Mathematics."
=504  \\$aIncludes bibliographical references (page 46).
=650  \0$aBoundary value problems.
=710  2\$aUniversity of Alberta.$bDepartment of Mathematics.
=900  \\$aMK26909
=949  \\$zUAIN$zETHESIS

