=LDR  01253ntm a2200325I  4500
=001  uab09270737
=003  UAB
=005  20140918135811.0
=006  m|||||o||d||||||||
=007  cr||||||||||||
=008  140918t19751975xx\\\\\\obm\\\000\0\eng\d
=040  \\$aUAB$beng$erda$cUAB
=050  \4$aQ226$b.S56 1975
=090  \\$aInternet Access$bAEU
=100  1\$aSimmons, Anthony M.$q(Anthony Michael),$d1945-$eauthor.
=245  14$aThe certification of facts and theories in scientific discourse :$bthe case of sociology /$cby Anthony M. Simmons.
=264  \1$c[1975]
=264  \4$c1975
=300  \\$a1 online resource (viii, 248 pages)
=336  \\$atext$btxt$2rdacontent
=337  \\$acomputer$bc$2rdamedia
=338  \\$aonline resource$bcr$2rdacarrier
=502  \\$bM.A.$cUniversity of Alberta$d1975.
=500  \\$a"A thesis submitted to the Faculty of Graduate Studies and Research in partial fulfilment of the requirements for the degree of Master of Arts, the Department of Sociology."
=504  \\$aIncludes bibliographical references (pages 223-248).
=650  \0$aSociology$xTerminology.
=650  \0$aScience$xLanguage.
=650  \0$aKnowledge, Theory of.
=710  2\$aUniversity of Alberta.$bDepartment of Sociology.
=900  \\$aMK26916
=949  \\$zUAIN$zETHESIS

