=LDR  01241ntm a2200313I  4500
=001  uab09270747
=003  UAB
=005  20140918140516.0
=006  m|||||o||d||||||||
=007  cr||||||||||||
=008  140918t19751975xx\adf\\obm\\\000\0\eng\d
=040  \\$aUAB$beng$erda$cUAB
=050  \4$aQP625.P87$bS65 1975
=090  \\$aInternet Access$bAEU
=100  1\$aSmith, Camilla May,$eauthor.
=245  10$aRelative importance of alternative pathways of purine nucleotide biosynthesis in Ehrlich ascites tumor cells in vivo /$cby Camilla May Smith.
=264  \1$c[1975]
=264  \4$c1975
=300  \\$a1 online resource (x, 71 pages) :$billustrations
=336  \\$atext$btxt$2rdacontent
=337  \\$acomputer$bc$2rdamedia
=338  \\$aonline resource$bcr$2rdacarrier
=502  \\$bM. Sc.$cUniversity of Alberta$d1975.
=500  \\$a"A thesis submitted to the Faculty of Graduate Studies and Research in partial fulfilment of the requirements for the degree of Master of Science, Department of Biochemistry."
=504  \\$aIncludes bibliographical references (pages 66-71).
=650  \0$aPurine nucleotides$xSynthesis.
=650  \0$aAscites tumors.
=710  2\$aUniversity of Alberta.$bDepartment of Biochemistry.
=900  \\$aMK26919
=949  \\$zUAIN$zETHESIS

