=LDR  01244ntm a2200301I  4500
=001  uab09270768
=003  UAB
=005  20140918142134.0
=006  m|||||o||d||||||||
=007  cr||||||||||||
=008  140918t19751975xx\adf\\obm\\\000\0\eng\d
=040  \\$aUAB$beng$erda$cUAB
=050  \4$aHF1479$b.S67 1975
=090  \\$aInternet Access$bAEU
=100  1\$aSpragins, Robert F.,$eauthor.
=245  12$aA statistical model of international trade between Canada and ten countries /$cby Robert F. Spragins.
=264  \1$c[1975]
=264  \4$c1975
=300  \\$a1 online resource (x, 157 pages) :$billustrations
=336  \\$atext$btxt$2rdacontent
=337  \\$acomputer$bc$2rdamedia
=338  \\$aonline resource$bcr$2rdacarrier
=502  \\$bM.B.A.$cUniversity of Alberta$d1975.
=500  \\$a"A thesis submitted to the Faculty of Graduate Studies and Research in partial fulfilment of the requirements for the degree of Master of Business Administration, Faculty of Business Administration and Commerce."
=504  \\$aIncludes bibliographical references (pages 91-95).
=650  \0$aCanada$xForeign economic relations$xStatistics.
=710  2\$aUniversity of Alberta.$bFaculty of Business Administration and Commerce.
=900  \\$aMK26923
=949  \\$zUAIN$zETHESIS

