=LDR  01170ntm a2200301I  4500
=001  uab09270803
=003  UAB
=005  20140918144013.0
=006  m|||||o||d||||||||
=007  cr||||||||||||
=008  140918t19751975xx\df\\\obm\\\000\0\eng\d
=040  \\$aUAB$beng$erda$cUAB
=050  \4$aGV361$b.S78 1975
=090  \\$aInternet Access$bAEU
=100  1\$aStuart, David Baily,$eauthor.
=245  14$aThe effect of preliminary exercise on speed and endurance performance /$cby David Baily Stuart.
=264  \1$c[1975]
=264  \4$c1975
=300  \\$a1 online resource (x, 70 pages) :$billustrations
=336  \\$atext$btxt$2rdacontent
=337  \\$acomputer$bc$2rdamedia
=338  \\$aonline resource$bcr$2rdacarrier
=502  \\$bM. Sc.$cUniversity of Alberta$d1975.
=500  \\$a"A thesis submitted to the Faculty of Graduate Studies and Research in partial fulfilment of the requirements for the degree of Master of Science, Department of Physical Education."
=504  \\$aIncludes bibliographical references (pages 32-40).
=650  \0$aPhysical fitness$xResearch.
=710  2\$aUniversity of Alberta.$bDepartment of Physical Education.
=900  \\$aMK26930
=949  \\$zUAIN$zETHESIS

