=LDR  01210ntm a2200325I  4500
=001  uab09270834
=003  UAB
=005  20140918150016.0
=006  m|||||o||d||||||||
=007  cr||||||||||||
=008  140918t19751975xx\\\\\\obm\\\000\0\eng\d
=040  \\$aUAB$beng$erda$cUAB
=050  \4$aHM1081$b.T55 1975
=090  \\$aInternet Access$bAEU
=100  1\$aTilly, Kenneth F.,$eauthor.
=245  14$aThe effect of first names on impression formation /$cby Kenneth F. Tilly.
=264  \1$c[1975]
=264  \4$c1975
=300  \\$a1 online resource (vi, 44 pages)
=336  \\$atext$btxt$2rdacontent
=337  \\$acomputer$bc$2rdamedia
=338  \\$aonline resource$bcr$2rdacarrier
=502  \\$bM.A.$cUniversity of Alberta$d1975.
=500  \\$a"A thesis submitted to the Faculty of Graduate Studies and Research in partial fulfillment of the requirements for the degree of Master of Arts, Department Psychology."
=504  \\$aIncludes bibliographical references (pages 31-34).
=650  \0$aImpression formation (Psychology)
=650  \0$aNames, Personal$xPsychological aspects.
=650  \0$aDating (Social customs)
=710  2\$aUniversity of Alberta.$bDepartment of Psychology.
=900  \\$aMK26936
=949  \\$zUAIN$zETHESIS

