=LDR  01147ntm a2200301I  4500
=001  uab09270849
=003  UAB
=005  20140918150953.0
=006  m|||||o||d||||||||
=007  cr||||||||||||
=008  140918t19751975xx\adf\\obm\\\000\0\eng\d
=040  \\$aUAB$beng$erda$cUAB
=050  \4$aTJ223.P55$bT6 1975
=090  \\$aInternet Access$bAEU
=100  1\$aTo, Michael Chi-Fu,$eauthor.
=245  12$aA near ideal PID controller and its tuning /$cby Michael Chi-Fu To.
=264  \1$c[1975]
=264  \4$c1975
=300  \\$a1 online resource (xviii, 127 pages) :$billustrations
=336  \\$atext$btxt$2rdacontent
=337  \\$acomputer$bc$2rdamedia
=338  \\$aonline resource$bcr$2rdacarrier
=502  \\$bM. Sc.$cUniversity of Alberta$d1975.
=500  \\$a"A thesis submitted to the Faculty of Graduate Studies and Research in partial fulfilment of the requirements for the degree of Master of Science, Department of Electrical Engineering."
=504  \\$aIncludes bibliographical references (pages 100-102).
=650  \0$aPID controllers.
=710  2\$aUniversity of Alberta.$bDepartment of Electrical Engineering.
=900  \\$aMK26937
=949  \\$zUAIN$zETHESIS

