=LDR  01184ntm a2200313I  4500
=001  uab09270865
=003  UAB
=005  20140918152317.0
=006  m|||||o||d||||||||
=007  cr||||||||||||
=008  140918t19751975xx\adf\\obm\\\000\0\eng\d
=040  \\$aUAB$beng$erda$cUAB
=050  \4$aQD906.7.E37$bW36 1975
=090  \\$aInternet Access$bAEU
=100  1\$aWanke, Klaus Hartmuth,$eauthor.
=245  10$aHigh resolution phase contrast electron microscopy /$cby Klaus Hartmuth Wanke.
=264  \1$c[1975]
=264  \4$c1975
=300  \\$a1 online resource (ix, 85 pages) :$billustrations
=336  \\$atext$btxt$2rdacontent
=337  \\$acomputer$bc$2rdamedia
=338  \\$aonline resource$bcr$2rdacarrier
=502  \\$bM. Sc.$cUniversity of Alberta$d1975.
=500  \\$a"A thesis submitted to the Faculty of Graduate Studies and Research in partial fulfillment of the requirements for the degree of Master of Science, Department of Physics."
=504  \\$aIncludes bibliographical references (pages [78]-80).
=650  \0$aHigh resolution electron microscopy.
=650  \0$aCrystallography.
=710  2\$aUniversity of Alberta.$bDepartment of Physics.
=900  \\$aMK26947
=949  \\$zUAIN$zETHESIS

