=LDR  01205ntm a2200313I  4500
=001  uab09270869
=003  UAB
=005  20140918152808.0
=006  m|||||o||d||||||||
=007  cr||||||||||||
=008  140918t19751975xx\\\\\\obm\\\000\0\eng\d
=040  \\$aUAB$beng$erda$cUAB
=043  \\$an-cn-ab
=050  \4$aGV1017.H7$bW37 1975
=090  \\$aInternet Access$bAEU
=100  1\$aWasylynchuk, Mary Ann,$eauthor.
=245  14$aThe development of women's field hockey in Alberta, 1962-1973 /$cby Mary Ann Wasylynchuk.
=264  \1$c[1975]
=264  \4$c1975
=300  \\$a1 online resource (ix, 163 pages)
=336  \\$atext$btxt$2rdacontent
=337  \\$acomputer$bc$2rdamedia
=338  \\$aonline resource$bcr$2rdacarrier
=502  \\$bM.A.$cUniversity of Alberta$d1975.
=500  \\$a"A thesis submitted to the Faculty of Graduate Studies and Research in partial fulfilment of the requirements for the degree of Master of Arts in Department of Physical Education."
=504  \\$aIncludes bibliographical references (pages 110-122).
=650  \0$aField hockey for women$zAlberta$xHistory$x20th century.
=710  2\$aUniversity of Alberta.$bDepartment of Physical Education.
=900  \\$aMK26948
=949  \\$zUAIN$zETHESIS

