=LDR  01280ntm a2200337I  4500
=001  uab09270927
=003  UAB
=005  20140918170349.0
=006  m|||||o||d||||||||
=007  cr||||||||||||
=008  140918t19751975xx\\\\\\obm\\\000\0dfre\d
=040  \\$aUAB$beng$erda$cUAB
=041  0\$afre$beng
=050  \4$aPQ1908.P65$bW43 1975
=090  \\$aInternet Access$bAEU
=100  1\$aWebb, Priscilla,$eauthor.
=245  13$aLa mtaphore du poison dans le thtre de Racine /$cby Priscilla Webb.
=264  \1$c[1975]
=264  \4$c1975
=300  \\$a1 online resource (vi, 198 pages)
=336  \\$atext$btxt$2rdacontent
=337  \\$acomputer$bc$2rdamedia
=338  \\$aonline resource$bcr$2rdacarrier
=502  \\$bM.A.$cUniversity of Alberta$d1975.
=500  \\$a"A thesis submitted to the Faculty of Graduate Studies and Research in partial fulfilment of the requirements for the degree of: Master of Arts, Department of Romance Languages."
=504  \\$aIncludes bibliographical references (pages 187-198).
=546  \\$aIn French; includes abstract in English.
=600  10$aRacine, Jean,$d1639-1699$xCriticism and interpretation.
=650  \0$aPoisoning in literature.
=710  2\$aUniversity of Alberta.$bDepartment of Romance Languages.
=900  \\$aMK26951
=949  \\$zUAIN$zETHESIS

