=LDR  01262ntm a2200313I  4500
=001  uab09270940
=003  UAB
=005  20140918175216.0
=006  m|||||o||d||||||||
=007  cr||||||||||||
=008  140918t19751975xx\adf\\obm\\\000\0\eng\d
=040  \\$aUAB$beng$erda$cUAB
=050  \4$aGV837.2$b.W44 1975
=090  \\$aInternet Access$bAEU
=100  1\$aWhelan, Kevin Patrick,$eauthor.
=245  14$aThe effect of three strength training methods on the performance of pre-pubescent competitive swimmers /$cby Kevin Patrick Whelan.
=264  \1$c[1975]
=264  \4$c1975
=300  \\$a1 online resource (xi, 103 pages) :$billustrations
=336  \\$atext$btxt$2rdacontent
=337  \\$acomputer$bc$2rdamedia
=338  \\$aonline resource$bcr$2rdacarrier
=502  \\$bM. Sc.$cUniversity of Alberta$d1975.
=500  \\$a"A thesis submitted to the Faculty of Graduate Studies and Research in partial fulfilment of the requirements for the degree of Master of Science, Department of Physical Education."
=504  \\$aIncludes bibliographical references (pages 84-91).
=650  \0$aSwimming for children$xTraining.
=650  \0$aWeight training for children.
=710  2\$aUniversity of Alberta.$bDepartment of Physical Education.
=900  \\$aMK26954
=949  \\$zUAIN$zETHESIS

