=LDR  01224ntm a2200313I  4500
=001  uab09270962
=003  UAB
=005  20140918190337.0
=006  m|||||o||d||||||||
=007  cr||||||||||||
=008  140918t19761976xx\adf\\obm\\\000\0\eng\d
=040  \\$aUAB$beng$erda$cUAB
=050  \4$aRM666.A493$bL44 1976
=090  \\$aInternet Access$bAEU
=100  1\$aLee, Yip Wan,$eauthor.
=245  10$aAmphetamine metabolism in cirrhotic mice /$cby Yip Wan Lee.
=264  \1$c[1976]
=264  \4$c1976
=300  \\$a1 online resource (xi, 73 pages) :$billustrations
=336  \\$atext$btxt$2rdacontent
=337  \\$acomputer$bc$2rdamedia
=338  \\$aonline resource$bcr$2rdacarrier
=502  \\$bM. Sc.$cUniversity of Alberta$d1976.
=500  \\$a"A thesis submitted to the Faculty of Graduate Studies and Research in partial fulfilment of the requirements for the degree of Master of Science in Bionucleonics, Faculty of Pharmacy & Pharmaceutical Sciences."
=504  \\$aIncludes bibliographical references (pages 65-73).
=650  \0$aAmphetamines$xMetabolism.
=650  \0$aLiver$xCirrhosis$xAnimal models.
=710  2\$aUniversity of Alberta.$bFaculty of Pharmacy and Pharmaceutical Sciences.
=900  \\$aMK27684
=949  \\$zUAIN$zETHESIS

