=LDR  01207ntm a2200313I  4500
=001  uab09270965
=003  UAB
=005  20140918191128.0
=006  m|||||o||d||||||||
=007  cr||||||||||||
=008  140918t19761976xx\\\\\\obm\\\000\0deng\d
=040  \\$aUAB$beng$erda$cUAB
=050  \4$aB305.G34$bL45 1976
=090  \\$aInternet Access$bAEU
=100  1\$aLeighton, Stephen R.,$eauthor.
=245  12$aA study of Gorgias's "On non-being or on nature" /$cby Stephen R. Leighton.
=264  \1$c[1976]
=264  \4$c1976
=300  \\$a1 online resource (xii, 209 pages)
=336  \\$atext$btxt$2rdacontent
=337  \\$acomputer$bc$2rdamedia
=338  \\$aonline resource$bcr$2rdacarrier
=502  \\$bM.A.$cUniversity of Alberta$d1976.
=500  \\$a"A thesis submitted to the Faculty of Graduate Studies and Research in partial fulfilment of the requirements for the degree of Master of Arts, Department of Philosophy."
=504  \\$aIncludes bibliographical references (pages 207-209).
=590  \\$aLibrary copy imperfect: pages 13-14 unreadable.
=600  00$aGorgias,$cof Leontini.$tOn non-being or on nature.
=710  2\$aUniversity of Alberta.$bDepartment of Philosophy.
=900  \\$aMK27685
=949  \\$zUAIN$zETHESIS

