=LDR  01202ntm a2200313I  4500
=001  uab09271062
=003  UAB
=005  20140919091840.0
=006  m|||||o||d||||||||
=007  cr||||||||||||
=008  140919t19761976xx\df\\\obm\\\000\0\eng\d
=040  \\$aUAB$beng$erda$cUAB
=050  \4$aSF207$b.M33 1976
=090  \\$aInternet Access$bAEU
=100  1\$aMcAndrews, John Gregory,$eauthor.
=245  10$aMeat quality parameters as related to sex, age and carcass composition of beef cattle /$cby John Gregory McAndrews.
=264  \1$c[1976]
=264  \4$c1976
=300  \\$a1 online resource (x, 76 pages) :$billustrations
=336  \\$atext$btxt$2rdacontent
=337  \\$acomputer$bc$2rdamedia
=338  \\$aonline resource$bcr$2rdacarrier
=502  \\$bM. Sc.$cUniversity of Alberta$d1976.
=500  \\$a"A thesis submitted to the Faculty of Graduate Studies and Research in partial fulfilment of the requirements for the degree of Master of Science, Department of Animal Science."
=504  \\$aIncludes bibliographical references (pages 50-76).
=650  \0$aBeef cattle.
=650  \0$aBeef$xQuality.
=710  2\$aUniversity of Alberta.$bDepartment of Animal Science.
=900  \\$aMK27693
=949  \\$zUAIN$zETHESIS

