=LDR  01412ntm a2200337I  4500
=001  uab09271077
=003  UAB
=005  20140919094327.0
=006  m|||||o||d||||||||
=007  cr||||||||||||
=008  140919t19761976xx\afgh\obm\\\000\0beng\d
=040  \\$aUAB$beng$erda$cUAB
=050  \4$aML410.P35$bM49 1976
=090  \\$aInternet Access$bAEU
=100  1\$aMeyer, Walter Carl,$eauthor.
=245  14$aThe cantus firmus masses of Palestrina /$cby Walter Carl Meyer.
=264  \1$c[1976]
=264  \4$c1976
=300  \\$a1 online resource (vii, 146 pages) :$billustrations, facsimile, music
=336  \\$atext$btxt$2rdacontent
=337  \\$acomputer$bc$2rdamedia
=338  \\$aonline resource$bcr$2rdacarrier
=502  \\$bM. Mus.$cUniversity of Alberta$d1976.
=500  \\$a"A thesis submitted to the Faculty of Graduate Studies and Research in partial fulfillment of the requirements for the degree of Master of Music in Applied Music (Violoncello) and Music History and Literature, Department of Music."
=504  \\$aIncludes bibliographical references (pages 115-118).
=590  \\$aLibrary copy imperfect: faded throughout.
=600  10$aPalestrina, Giovanni Pierluigi da,$d1525?-1594.
=600  10$aPalestrina, Giovanni Pierluigi da,$d1525?-1594.$tMasses.$kSelections$xClassification.
=650  \0$aCantus firmus.
=710  2\$aUniversity of Alberta.$bDepartment of Music.
=900  \\$aMK27704
=949  \\$zUAIN$zETHESIS

