=LDR  01181ntm a2200301I  4500
=001  uab09271114
=003  UAB
=005  20140919110034.0
=006  m|||||o||d||||||||
=007  cr||||||||||||
=008  140919t19761976xx\adf\\obm\\\000\0\eng\d
=040  \\$aUAB$beng$erda$cUAB
=050  \4$aQC718.5.H5$bM55 1976
=090  \\$aInternet Access$bAEU
=100  1\$aMilroy, Richard Douglas,$eauthor.
=245  10$aBeat frequency heating of a plasma near the electron plasma frequency /$cby Richard Douglas Milroy.
=264  \1$c[1976]
=264  \4$c1976
=300  \\$a1 online resource (viii, 96 pages) :$billustrations
=336  \\$atext$btxt$2rdacontent
=337  \\$acomputer$bc$2rdamedia
=338  \\$aonline resource$bcr$2rdacarrier
=502  \\$bM. Sc.$cUniversity of Alberta$d1976.
=500  \\$a"A thesis submitted to the Faculty of Graduate Studies and Research in partial fulfilment of the requirements for the degree of Master of Science, Department of Electrical Engineering."
=504  \\$aIncludes bibliographical references (pages 70-71).
=650  \0$aPlasma heating.
=710  2\$aUniversity of Alberta.$bDepartment of Electrical Engineering.
=900  \\$aMK27709
=949  \\$zUAIN$zETHESIS

