=LDR  01398ntm a2200325I  4500
=001  uab09271121
=003  UAB
=005  20140919110740.0
=006  m|||||o||d||||||||
=007  cr||||||||||||
=008  140919t19761976xx\\\\\\obm\\\000\0\eng\d
=040  \\$aUAB$beng$erda$cUAB
=043  \\$an-cn-ab
=050  \4$aRA395.C2$bM66 1976
=090  \\$aInternet Access$bAEU
=100  1\$aMoore, Doreen M.,$eauthor.
=245  10$aStroke :$bpatterns of inter-institutional utilization in Edmonton /$cby Doreen M. Moore.
=264  \1$c[1976]
=264  \4$c1976
=300  \\$a1 online resource (xii, 123 pages)
=336  \\$atext$btxt$2rdacontent
=337  \\$acomputer$bc$2rdamedia
=338  \\$aonline resource$bcr$2rdacarrier
=502  \\$bMaster of Health Services Administration$cUniversity of Alberta$d1976.
=500  \\$a"A thesis submitted to the Faculty of Graduate Studies and Research in partial fulfilment of the requirements for the degree of Master of Health Services Administration, Division of Health Services Administration, Department of Community Medicine."
=504  \\$aIncludes bibliographical references (pages 88-95).
=650  \0$aHealth planning$zAlberta $zEdmonton.
=650  \0$aCerebrovascular disease$xPatients$zAlberta $zEdmonton.
=710  2\$aUniversity of Alberta.$bDivision of Health Services Administration.$bDepartment of Community Medicine.
=900  \\$aMK27711
=949  \\$zUAIN$zETHESIS

