=LDR  01269ntm a2200325I  4500
=001  uab09271141
=003  UAB
=005  20140919113548.0
=006  m|||||o||d||||||||
=007  cr||||||||||||
=008  140919t19761976xx\af\\\obm\\\000\0\eng\d
=040  \\$aUAB$beng$erda$cUAB
=050  \4$aSF396.5$b.O53 1976
=090  \\$aInternet Access$bAEU
=100  1\$aOnaghise, Gregory Tony Uwuigbe,$eauthor.
=245  10$a"Fababeans and cassava as dietary ingredients for growing pigs" /$cby Gregory Tony Uwuigbe Onaghise.
=264  \1$c[1976]
=264  \4$c1976
=300  \\$a1 online resource (xi, 112 pages) :$billustrations
=336  \\$atext$btxt$2rdacontent
=337  \\$acomputer$bc$2rdamedia
=338  \\$aonline resource$bcr$2rdacarrier
=502  \\$bM. Sc.$cUniversity of Alberta$d1976.
=500  \\$a"A thesis submitted to the Faculty of Graduate Studies and Research in partial fulfilment of the requirements for the degree of Master of Science in Animal Nutrition, Department of Animal Science."
=504  \\$aIncludes bibliographical references (pages 93-106).
=650  \0$aSwine$xFeeding and feeds.
=650  \0$aCassava as feed.
=650  \0$aFava bean as feed.
=710  2\$aUniversity of Alberta.$bDepartment of Animal Science.
=900  \\$aMK27719
=949  \\$zUAIN$zETHESIS

