=LDR  01113ntm a2200301I  4500
=001  uab09271144
=003  UAB
=005  20140919113950.0
=006  m|||||o||d||||||||
=007  cr||||||||||||
=008  140919t19761976xx\\\\\\obm\\\000\0deng\d
=040  \\$aUAB$beng$erda$cUAB
=050  \4$aB1493.D533$bR677 1976
=090  \\$aInternet Access$bAEU
=100  1\$aRoss, Michael A.,$eauthor.
=245  10$aHume's Dialogues /$cby Michael A. Ross.
=264  \1$c[1976]
=264  \4$c1976
=300  \\$a1 online resource (vi, 97 pages)
=336  \\$atext$btxt$2rdacontent
=337  \\$acomputer$bc$2rdamedia
=338  \\$aonline resource$bcr$2rdacarrier
=502  \\$bM.A.$cUniversity of Alberta$d1976.
=500  \\$a"A thesis submitted to the Faculty of Graduate Studies and Research in partial fulfilment of the requirements for the degree of Master of Arts, Department Philosophy."
=504  \\$aIncludes bibliographical references (pages 91-97).
=600  10$aHume, David,$d1711-1776.$tDialogues concerning natural religion.
=710  2\$aUniversity of Alberta.$bDepartment of Philosophy.
=900  \\$aMK27730
=949  \\$zUAIN$zETHESIS

