=LDR  01220ntm a2200301I  4500
=001  uab09271222
=003  UAB
=005  20140919125752.0
=006  m|||||o||d||||||||
=007  cr||||||||||||
=008  140919t19761976xx\adf\\obm\\\000\0\eng\d
=040  \\$aUAB$beng$erda$cUAB
=050  \4$aQP105$b.U43 1976
=090  \\$aInternet Access$bAEU
=100  1\$aUmbach, Terrance Richard,$eauthor.
=245  10$aAnxiety, locus of control and autonomic perception as factors in the control of diastolic blood pressure by feedback and reinforcement /$cby Terrance Richard Umbach.
=264  \1$c[1976]
=264  \4$c1976
=300  \\$a1 online resource (vii, 88 pages) :$billustrations
=336  \\$atext$btxt$2rdacontent
=337  \\$acomputer$bc$2rdamedia
=338  \\$aonline resource$bcr$2rdacarrier
=502  \\$bM. Sc.$cUniversity of Alberta$d1976.
=500  \\$a"A thesis submitted to the Faculty of Graduate Studies and Research in partial fulfillment of the requirements for the degree of Master of Science, Department of Psychology."
=504  \\$aIncludes bibliographical references (pages 65-69).
=650  \0$aBlood pressure.
=710  2\$aUniversity of Alberta.$bDepartment of Psychology.
=900  \\$aMK27750
=949  \\$zUAIN$zETHESIS

